2804 3458
1187 151 1190 154 >
1275 164 1338 172 -
1378 109 1541 184 iis-

100 331 109 337 μ’
199 270 449 333 memoria
468 272 570 335 'ope
602 267 688 316 sibi
714 260 977 334 ‚retinerent
1008 268 1204 334 aliisque
1223 269 1474 330 traderent,
1508 269 1569 317 ad
1602 269 1647 317 id
1683 269 1932 318 artificium
1968 268 2133 316 adduci
2158 280 2489 331 neeesse-erat,
2521 288 2621 338 quo

198 349 292 415 nens
311 352 476 401 *solum
514 363 560 399 et
593 353 855 399 canentium
900 352 1134 399 memoriav
1167 352 1487 400 sublevaretur
1528 365 1576 400 et
1617 353 1979 400 auscultantium
2023 351 2259 400 audientia
2300 351 2623 418 adjuvaretur,

59 500 64 504 ¹
100 441 105 444 ’
153 473 155 475 -
196 424 448 484 sedetiam
496 438 645 502 ipsum
692 437 910 482 carminis
957 445 1124 500 corpus
1166 438 1296 500 quasi
1343 439 1561 484 membris
1603 437 1879 502 quibusdam
1928 437 2123 500 integ-ris
2168 437 2467 503 articulisque
2509 455 2624 484 eo·-

138 560 142 564 .
171 519 469 586 .gruentibus
504 519 883 581 distingueretur.
954 519 1015 564 Ei
1052 518 1144 581 legi
1178 536 1288 565 vero
1323 530 1369 565 et
1402 519 1459 565 ad
1493 522 1694 567 cantoris
1728 519 2109 583 audientiumque
2155 519 2528 593 commoditatem
2569 532 2619 567 et

194 601 253 649 ad
281 602 435 668 ‘ipsius
469 601 686 649 carminis
709 600 906 665 gratiam
943 594 1202 664 augendam
1239 601 1448 649 inventae
1476 603 1667 650 minime
1701 604 1748 649 in
1785 602 2002 650 servilem
2026 600 2215 650 modum
2253 602 2317 650 ita
2351 620 2401 650 se
2433 601 2617 650 addixe-

144 720 146 722 »
194 694 321 744 runt,
359 694 411 731 ut
444 684 580 731 etiam
617 693 776 731 contra
812 682 938 729 illam
976 682 1121 747 ipsam
1158 682 1274 747 legis
1320 701 1502 731 causam
1547 685 1885 751 strophicorum
1931 698 2150 732 versuum
2197 701 2444 732 numerum
2478 695 2617 751 atque

195 755 532 815 cohaerentiam
570 766 862 813 retinuerint.
937 767 1037 812 lmo
1074 782 1157 812 nec
1193 767 1452 832 ubieunque
1487 779 1566 815 aut
1600 768 1784 815 brevior
1817 768 2042 815 sententia
2079 779 2160 815 aut
2184 767 2418 815 succincta
2452 768 2617 816 notitia

194 849 436 896 inserenda
471 860 607 910 esset,
644 850 706 894 ibi
745 849 954 913 singulos
991 849 1179 895 biuosve
1213 866 1374 896 versus
1408 850 1697 917 interponere
1722 851 2050 897 dubitaverunt
2085 879 2141 886 -
2177 862 2225 896 et
2259 850 2337 897 ubi
2362 851 2616 897 sententiae

192 920 393 979 ambitus
436 944 572 997 atque
616 933 746 997 copia
792 932 942 994 maj0r
983 921 1218 977 videretur
1257 950 1392 997 quam
1440 951 1556 998 quae
1598 934 1736 980 arctis
1780 934 1996 999 strophae
2035 934 2252 980 cancellis
2297 932 2614 980 circumscribi
2694 992 2696 994 K
2782 935 2788 943 “

122 1007 125 1009 ’
194 1028 364 1081 posset,
401 1017 448 1062 in
485 1015 743 1079 longiorem
780 1015 917 1061 etiam
955 1014 1156 1083 plurium
1192 1034 1407 1063 versuum
1443 1018 1606 1063 seriem
1641 1018 1878 1082 exspatiati
1915 1030 2039 1068 sunt.
2113 1016 2208 1064 Sed
2244 1035 2302 1063 ne
2328 1016 2404 1063 bic
2426 1014 2612 1082 quidem

191 1098 496 1166 respondendi
532 1098 899 1164 aequabilitatem
937 1098 1125 1164 prorsus
1160 1099 1412 1164 neglectam
1450 1118 1548 1147 esse
1582 1100 1654 1148 vel
1692 1102 1861 1148 nostris
1897 1102 1943 1147 in
1979 1100 2264 1148 caminibus
2298 1127 2364 1138 —
2410 1100 2442 1148 i.
2480 1118 2523 1150 e.
2565 1100 2613 1147 iu

120 1189 123 1191 ’
190 1193 318 1229 sexto
353 1183 639 1248 septimoque
676 1209 740 1217 -
777 1182 995 1229 nonnulla
1032 1182 1238 1248 exempla
1272 1183 1645 1233 demonstrant.“

379 1266 495 1319 ,Jam
534 1265 851 1330 Koechlyanae
887 1265 1002 1330 legis
1035 1266 1291 1331 stropbicae
1327 1267 1580 1313 rationibus
1616 1267 1766 1313 allatis
1802 1267 1941 1330 huJus
1986 1267 2334 1332 compositionis
2378 1266 2614 1332 exemplar

189 1347 422 1414 quoddam
459 1368 513 1396 ex
548 1366 687 1415 parva
721 1347 863 1394 lliade
899 1348 1142 1414 repetitum
1181 1347 1450 1414 iisdemque,
1486 1349 1654 1414 quibus
1688 1360 1849 1396 auctor
1880 1349 2149 1414 insignivit,
2198 1349 2364 1396 litteris
2401 1359 2610 1397 notatum

190 1430 388 1496 adjicere
425 1431 572 1481 liceat.
649 1431 783 1495 Elegi
820 1448 1002 1477 carmen
1040 1431 1305 1496 septimum,
1339 1426 1473 1496 cujus
1507 1431 1619 1478 haec
1654 1443 1724 1478 est
1757 1433 1902 1479 ratio:

872 1532 914 1559 a.
953 1532 995 1559 a.
1035 1512 1105 1578 [1]
1142 1515 1187 1560 b.
1227 1515 1270 1560 b.
1310 1516 1354 1560 h.
1395 1532 1436 1563 c.
1478 1514 1523 1560 d.
1563 1515 1608 1564 d.
1649 1516 1694 1561 d.
1731 1533 1771 1562 c.
1810 1517 1857 1561 3.

766 1595 838 1661 [1]
863 1614 905 1642 e.
943 1595 1015 1661 [1]
1034 1613 1075 1645 e.
1101 1596 1176 1661 [1]
1196 1614 1238 1645 e.
1261 1597 1294 1642 l'.
1316 1597 1349 1642 l’.
1374 1595 1448 1661 [1]
1477 1597 1509 1642 f.
1548 1599 1594 1643 2.
1635 1615 1684 1661 g.
1725 1598 1772 1643 h.
1805 1615 1853 1661 g.
1879 1615 1927 1661 g.
1955 1598 2000 1644 h.

863 1677 937 1743 [1]
961 1680 1011 1727 2.
1040 1676 1110 1743 [1]
1146 1679 1178 1723 i.
1241 1679 1273 1724 i.
1332 1681 1377 1724 4.
1424 1697 1465 1728 c.

795 1761 839 1807 k.
888 1761 930 1807 k.
970 1760 1015 1811 k.
1065 1760 1096 1807 l.
1141 1778 1203 1807 m.
1253 1761 1283 1808 l.
1329 1779 1393 1813 m.

784 1842 854 1909 [1]
891 1862 936 1891 ιι.
976 1843 1028 1890 l.¹
1064 1862 1106 1891 o.
1147 1861 1192 1891 o.
1232 1842 1305 1910 [1]
1341 1845 1387 1891 3.
1427 1863 1471 1910 p.
1511 1844 1563 1892 Ι.’ι
1599 1863 1645 1910 q.
1684 1852 1750 1910 q.¹
1784 1863 1830 1910 p.
1868 1863 1913 1910 q.
1951 1851 2022 1910 q.¹

888 1930 908 1974 1
972 1928 987 1974 ¹
1011 1935 1027 1951 x
1112 1935 1127 1951 Ι
1337 1935 1354 1953 x
1446 1935 1463 1952 Χ

962 2011 1017 2060 l.¹
1053 2012 1099 2057 3.
1139 2027 1179 2057 r.
1218 2018 1278 2058 r.¹
1303 2028 1342 2062 r.
1384 2018 1441 2058 r.¹¹
1478 2009 1550 2077 [1]
1587 2028 1625 2058 s.
1664 2012 1717 2062 1.*ι
1753 2018 1812 2058 s.⁸
1847 2029 1893 2058 n.

963 2094 1018 2143 1.¹
1051 2096 1097 2143 2.
1131 2105 1164 2140 t.
1204 2112 1249 2140 u.
1290 2112 1336 2144 u.
1376 2111 1421 2141 v.
1459 2105 1494 2144 t.
1518 2112 1563 2143 v.
1585 2111 1631 2140 v.
1652 2111 1713 2140 w.
1739 2111 1786 2144 x.
1811 2096 1885 2155 [1]
1921 2111 1966 2143 x.
2006 2111 2067 2142 w.

390 2177 562 2222 Totum
609 2176 753 2239 igitur
798 2195 981 2223 carmen
1026 2179 1225 2243 exceptis
1268 2177 1477 2224 versibus
1519 2178 1684 2241 viginti
1730 2188 1903 2241 septem
1948 2177 2159 2223 videmus
2200 2194 2227 2222 a
2272 2176 2509 2242 Koechlyo
2552 2175 2611 2223 ad
2666 2181 2670 2184 ’

190 2276 319 2307 suam
364 2258 620 2306 doctrinam
669 2260 948 2325 strophicam
995 2271 1259 2307 revocatum
1308 2278 1425 2307 esse.
1514 2261 1564 2306 ln
1609 2277 1700 2324 quo
1742 2259 1855 2306 illud
1902 2277 1986 2307 nos
2031 2252 2185 2307 minus
2219 2259 2450 2320 offendet,
2485 2257 2610 2326 quod

190 2341 363 2407 singuli
398 2340 466 2388 illi
502 2358 662 2389 versus
696 2360 722 2389 a
758 2359 831 2389 me
866 2342 1080 2390 cancellis
1116 2341 1279 2389 inclusi
1318 2342 1363 2388 in
1399 2342 1483 2389 hac
1518 2341 1811 2407 stropharum
1856 2341 2181 2389 distributione
2214 2358 2406 2408 prorsus
2449 2341 2610 2390 omissi

190 2435 324 2486 sunt3
363 2426 445 2471 hos
480 2426 622 2485 enim,
658 2426 825 2491 quibus
859 2442 1080 2490 personae
1114 2425 1351 2490 loquentes
1395 2424 1705 2484 inducuntur,
1750 2435 1881 2489 putat
1921 2425 1995 2471 vir
2034 2424 2113 2471 ille
2150 2424 2447 2472 doctissimus
2481 2442 2612 2491 aepa-

190 2508 326 2554 ratim
373 2525 400 2554 a
445 2508 685 2574 rhapsodis
727 2508 939 2554 recitatos
973 2525 1087 2553 esse.
1163 2509 1403 2554 Praeterea
1448 2507 1609 2571 fugere
1656 2524 1738 2553 nos
1775 2524 1864 2554 non
1903 2518 2069 2574 potest,
2105 2518 2152 2554 et
2185 2525 2291 2568 eas,
2324 2525 2443 2574 quae
2474 2509 2610 2574 quasi

190 2591 405 2656 strophae
427 2591 830 2656 antistrophaeque
853 2592 987 2655 signo
1013 2590 1318 2651 illustrantur,
1356 2590 1603 2655 particulas
1638 2591 1684 2637 in
1710 2590 1941 2638 similibus
1963 2591 2266 2639 contrariisve
2289 2591 2610 2640 narrationum

190 2671 543 2739 orationumque
569 2673 680 2722 locis
711 2673 924 2733 indicari,
961 2685 1008 2721 et
1030 2674 1238 2739 quamvis
1263 2691 1447 2721 carmen
1472 2673 1532 2720 sit
1561 2691 1812 2739 permagna
1835 2672 2128 2739 stropharum
2152 2673 2392 2735 varietate,
2424 2673 2612 2740 saepius

190 2766 343 2804 tamen
380 2756 590 2823 strophas
627 2757 740 2805 bene
775 2774 824 2804 se
859 2756 1156 2822 ordinateque
1199 2757 1421 2822 excipere.
1494 2757 1560 2803 At
1605 2755 1713 2804 licet
1757 2756 1827 2803 lex
1875 2756 1973 2822 ipsa
2017 2756 2080 2804 ita
2121 2758 2183 2804 sit
2225 2768 2516 2824 comparata,
2561 2768 2614 2805 nt

192 2839 375 2886 lieentia
422 2842 744 2906 temeritasque
787 2857 947 2886 versus
990 2840 1270 2905 quibuslibet
1312 2840 1605 2904 stropharum
1643 2840 1804 2898 formis
1837 2840 2108 2904 disponendi
2148 2840 2363 2887 videatur
2395 2842 2612 2901 coercita,

191 2940 335 2987 quum
393 2939 483 2968 non
550 2924 637 2969 nisi
700 2924 744 2970 in
802 2923 1009 2970 versibus
1063 2923 1288 2986 integ-ram
1341 2933 1387 2968 et
1439 2923 1568 2987 quasi
1623 2922 1879 2969 absolutam
1941 2922 2286 2970 continentibus
2337 2924 2611 2971 senteutiam

191 3005 378 3072 stropha
424 3017 727 3071 agnoscatur,
784 3024 873 3054 non
931 3018 1081 3053 tamen
1134 3007 1196 3054 ita
1260 3006 1368 3052 haec
1422 3006 1538 3053 ratio
1587 3006 1936 3073 circumscripta
1989 3017 2060 3054 est
2117 3007 2256 3055 certis
2310 3006 2509 3069 finibus,
2563 3017 2615 3054 ut

191 3082 283 3136 nou
330 3088 459 3137 varia
510 3088 702 3155 cogitari
756 3088 963 3156 efficique
1009 3091 1152 3155 possit
1203 3088 1495 3155 stropharum
1542 3088 1820 3136 distributio.
1915 3089 2070 3156 Atque
2115 3090 2232 3138 hanc
2270 3088 2613 3137 Friedlaenderi

192 3166 575 3237 suspicionem³⁷)
606 3174 807 3238 Koechly
842 3175 956 3239 ipse,
993 3173 1070 3238 qui
1096 3173 1353 3218 Horatiano
1389 3173 1470 3219 illo
1506 3188 1718 3231 „nonum
1758 3183 1995 3237 prematur
2017 3174 2065 3219 in
2090 3177 2303 3221 annum“
2338 3174 2613 3221 satisfecisse

192 3253 405 3316 sedicit,
440 3256 728 3322 gravissimis
773 3256 992 3323 exemplis
1032 3255 1337 3302 confirmavit.
1416 3256 1603 3302 illarum
1651 3256 1804 3317 enim,
1850 3274 1966 3322 quas
2013 3258 2059 3303 in
2106 3274 2191 3304 suo
2236 3268 2363 3304 sexto
2407 3257 2615 3303 carmine

227 3353 231 3357 ¹
316 3413 323 3419 .
366 3388 370 3390 -
395 3365 441 3407 ³⁷)
464 3367 532 3400 vid.
555 3366 660 3399 Jahn.
684 3376 760 3399 ann.
789 3370 869 3399 1861
897 3377 928 3409 p.
955 3369 1012 3403 ³3.
