2804 3458
184 114 214 122 κ

1260 134 1532 191 -5.“-.

79 304 86 312 ‚
164 273 438 325 anu-m
458 280 804 338 tegmem-m.
866 272 913 320 la
936 272 1067 321 enim
1092 272 1351 338 lyricorum
1387 274 1600 340 princeps
1627 301 1685 310 —
1715 271 2063 340 Tei-pandum
2076 283 2240 322 couti-a
2266 264 2606 342 wettphalnm‘

97 364 100 365 ’
186 356 473 419 Inachius
499 351 605 409 cam
636 355 742 403 aliia
772 373 818 406 e.
845 372 895 421 g.
931 347 1050 403 cum
1063 348 1313 417 Boethio,
1347 357 1648 423 Bernhardy«)
1678 354 1984 405 seminece-le
2018 356 2117 404 fere
2150 366 2255 423 poet
2273 356 2605 412 Aaeehbdam

186 431 380 487 vixisse
377 438 722 486 mteudit—
757 439 983 505 artisque
981 437 1164 503 lyricae
1197 439 1465 504 ingeniosos
1498 451 1662 488 auctor
1691 456 1839 507 quum
1858 440 2044 506 primus
2065 438 2248 488 diversa
2281 430 2605 506 rhythmorum

186 539 362 589 gem
392 523 515 569 inter
556 539 658 570 sese
699 533 992 572 connecteret
1036 526 1381 588 metrorumque
1414 523 1780 572 vicissitudinem
1826 522 2064 571 humiliori
2111 522 2181 570 illi
2209 523 2606 591 cavillatorioque

115 658 123 663 ,
189 605 340 672 poesia
374 623 484 653 suae
516 606 679 671 generi
713 605 977 671 adaptaret,
1020 604 1271 670 'dactylicae
1313 606 1414 653 loco
1456 608 1733 654 trochaicam
1780 609 2050 654 tetrametro
2099 605 2324 671 dactylico
2366 607 2609 672 subjunxit

119 685 137 745 '⁵
185 688 459 738 clausulam.
529 688 695 756 Neque
729 689 777 737 in
811 689 913 756 ipso
947 688 1156 737 Homero
1190 688 1374 755 quidem
1412 689 1685 738 documenta
1720 689 1903 750 desunt,
1939 707 2060 756 quae
2094 688 2410 738 hexametrum
2455 690 2607 756 prim

186 773 425 840 stropham
467 772 738 839 dactylicam
782 772 925 819 fuisse
978 781 1218 819 testentur.
1301 773 1418 820 Tres
1463 774 1585 821 eni-m
1639 775 1685 821 in
1741 772 2025 822 carminibus
2065 772 2334 822 Homericis
2387 772 2609 838 leguntur

187 872 349 903 venus
368 855 449 919 ¹⁴),
484 855 653 922 quihus
687 856 856 901 usitata
889 855 1139 900 hexametri
1176 872 1391 902 mensura
1426 867 1675 922 repugnat3
1712 842 1923 922 quartus
1950 857 2076 903 enim
2124 873 2204 922 pes
2247 856 2473 903 metricus·
2513 858 2604 904 no‘n

188 938 490 1003 dactylicum,
536 937 615 984 scd
668 938 950 983 trochaicum
1004 937 1190 1002 praebet
1240 948 1455 984 metrum.
1536 938 1691 1001 Quam
1737 939 1923 1005 quidem
1970 939 2328 1005 discrepantiam
2375 938 2478 1003 jam
2526 937 2606 986 diu

170 1022 420 1085 ‘cognitam
479 1021 744 1067 removendi
802 1021 880 1066 alii
938 1020 1075 1066 aliam
1104 1009 1427 1084 *arripuerunt
1460 1023 1702 1070 rationem.
1783 1022 1944 1081 Quum
2002 1009 2138 1067 enim·
2163 1021 2438 1086 Spitznerus
2495 1037 2603 1067 cum

170 1088 435 1151 'Eustathio
480 1103 597 1149 hanc
641 1102 861 1167 syllabam
907 1094 1175 1167 productam
1220 1119 1319 1148 esse
1360 1103 1485 1149 ‘dicat
1528 1103 1640 1168 (vid.
1688 1104 1868 1169 Spitzu.
1914 1103 1971 1150 de
2014 1120 2153 1150 versu
2197 1103 2370 1152 heroic.
2412 1121 2458 1170 p.
2498 1103 2606 1168 82),

187 1186 488 1235 Thierschius
526 1187 570 1233 in
608 1203 807 1250 gramm.
835 1203 988 1250 graec.
1017 1186 1054 1232 Ι.
1082 1186 1200 1245 216,
1229 1205 1265 1236 ν
1299 1187 1567 1233 consonanti
1606 1187 1880 1253 positionem
1907 1186 2026 1246 lieri,
2063 1186 2378 1234 Hoffmannus
2403 1193 2605 1253 (quaeat.

190 1271 330 1318 Hom.
368 1270 408 1320 1.
448 1288 493 1336 p.
532 1270 618 1333 99)
669 1289 687 1319 ι
731 1269 935 1315 vocalem
983 1269 1168 1335 longam
1226 1286 1324 1315 esse
1367 1281 1575 1330 censeat,
1622 1269 1922 1317 Godel'redus·
1955 1270 2257 1317 Hermanuus
2299 1287 2410 1318 vero
2464 1269 2606 1317 nnius

189 1371 346 1400 morae
389 1353 683 1400 intervallum
730 1352 899 1417 insigni
944 1352 1082 1417 hujus
1127 1352 1216 1399 loci
1262 1369 1451 1400 caesura
1496 1363 1667 1400 statuat
1709 1353 1792 1413 (cf.
1843 1353 1995 1401 Elem.
2043 1353 2190 1404 doctr.
2239 1364 2373 1403 metr.
2412 1370 2458 1419 p.
2497 1351 2605 1418 ⁴0),

191 1437 466 1484 Leutschius
501 1437 653 1483 missis
688 1437 759 1482 his
796 1436 1010 1482 omuibus
1045 1436 1414 1500 antiquissimam
1438 1453 1656 1483 versuum
1692 1435 1765 1482 vel
1803 1436 1955 1501 potius
1989 1436 2282 1501 stropharum
2320 1436 2519 1484 formam
2556 1436 2603 1483 in

188 1521 259 1566 his
302 1519 512 1567 versibus
555 1520 790 1583 agnoscit,
835 1519 898 1564 ita
945 1528 996 1563 ut
1040 1518 1221 1564 duobus
1267 1518 1381 1564 colis
1426 1535 1517 1564 non
1564 1519 1628 1563 ἰιι
1656 1534 1799 1564 ιιιιιιιιι
1847 1517 2054 1564 ordinem
2099 1517 2309 1565 conflatis
2352 1518 2400 1565 in
2440 1529 2605 1585 quarto

187 1603 451 1649 hexametro
487 1602 701 1648 catalexis
736 1603 889 1647 inveni
875 1602 1012 1645 iatur.
1082 1602 1188 1646 Jam
1228 1601 1374 1660 hanc,
1419 1618 1557 1666 quam
1594 1582 1817 1646 detexisse
1862 1618 1910 1646 se
1959 1603 2113 1666 putat,
2157 1601 2438 1667 strophicam
2481 1618 2606 1647 com-

187 1686 461 1751 positionem
508 1686 553 1731 in
590 1685 731 1731 variis
774 1695 879 1730 ante
913 1684 1174 1729 Homerum
1210 1684 1492 1729 carminibus
1536 1684 1691 1747 lyricis
1733 1684 1840 1729 adhi
1844 1685 1985 1730 bitom
2032 1684 2323 1748 multumque
2365 1696 2604 1730 tractatam

188 1769 329 1816 fuisse
364 1778 542 1831 censet3
577 1785 775 1832 quorum
812 1764 1022 1831 quamvis
1058 1764 1184 1812 nulla
1221 1783 1414 1831 usquam
1451 1776 1629 1812 exstent
1661 1767 1884 1829 vestigia,
1920 1769 2144 1813 rationem
2181 1777 2333 1814 umen
2380 1768 2607 1831 composi·

187 1852 327 1900 tionis
362 1869 418 1899 ex
452 1849 658 1917 epicedio
696 1849 777 1897 illo
813 1849 859 1896 in
897 1848 1061 1896 ultimo
1099 1847 1255 1896 iliadis
1291 1848 1409 1896 libro
1445 1849 1661 1913 cognosci
1698 1866 1847 1913 posse.
1908 1848 2152 1913 Ejusmodi
2182 1850 2305 1896 enim
2342 1849 2481 1914 hujus
2516 1849 2606 1896 loci

189 1932 401 1982 naturam
448 1952 575 1994 esse,
621 1944 673 1980 ut
717 1943 895 1999 poetam
943 1942 1161 1998 appareat
1204 1949 1389 1978 carmen
1435 1931 1664 1997 quoddam
1710 1932 1935 1997 lugubre,
1979 1949 2071 1998 quo
2115 1932 2278 1979 Graeci
2335 1931 2459 1979 soliti
2513 1932 2607 1979 sint

187 2029 395 2066 mortuos
430 2017 689 2077 celebrare,
734 2016 1008 2062 imitandum
1053 2015 1141 2062 sibi
1187 2015 1499 2081 proposuisse.
1573 2014 1732 2076 Quum
1777 2033 1887 2062 vero
1931 2015 2094 2062 melica
2139 2015 2380 2062 neniarum
2426 2013 2605 2062 indoles

188 2102 377 2167 lyricam
414 2117 495 2147 seu
531 2100 810 2165 strophicam
846 2098 1193 2164 compositionis
1229 2098 1425 2143 formam
1463 2098 1548 2143 sihi
1582 2098 1811 2157 vindicet,
1858 2097 1971 2143 illud
2008 2098 2070 2143 ita
2106 2108 2423 2162 comparatum
2461 2097 2604 2144 fuisse

186 2184 392 2249 conjicit,
429 2194 482 2229 ut
517 2183 634 2228 terni
670 2182 924 2228 tetrametri
960 2181 1118 2246 epodis
1157 2180 1422 2246 amplificati
1470 2181 1606 2226 unius
1648 2180 1862 2245 strophae
1903 2180 2089 2227 vinculo
2131 2180 2369 2243 conjuncti
2413 2179 2602 2227 suerint.

187 2270 302 2314 Arte
335 2283 446 2314 vero
481 2266 658 2325 critica,
695 2282 785 2331 qua
820 2265 957 2311 verba
995 2264 1126 2311 nohis
1161 2262 1327 2310 tradita
1362 2263 1527 2309 tentari
1562 2272 1769 2328 oportet,
1811 2262 1875 2308 ita
1911 2263 1987 2308 vir
2020 2261 2313 2309 doctissimus
2360 2279 2473 2309 usus
2517 2272 2605 2324 est,

187 2361 239 2395 ut
281 2365 398 2415 quae
443 2352 489 2394 in
525 2349 877 2394 Andromachae
918 2348 1108 2392 vocibus
1153 2346 1210 2391 ad
1253 2347 1577 2410 Astyanactem
1626 2345 1880 2410 pertinent,
1935 2361 1988 2390 ea
2040 2345 2309 2411 posterioris
2361 2344 2604 2410 quusda'm

186 2433 438 2478 reductoris
473 2432 781 2477 additamenta
818 2431 996 2487 habeat,
1034 2430 1202 2493 quippe
1236 2446 1352 2492 quae
1387 2427 1696 2473 conditionem
1722 2446 1826 2472 cum
1852 2429 2016 2472 ceteris
2041 2438 2323 2492 pugnantem
2349 2428 2601 2492 postulent.

186 2514 558 2563 Andromacham
594 2514 716 2559 enim
753 2524 799 2559 et
831 2512 977 2558 filium
1013 2511 1212 2557 brachiis
1246 2510 1472 2556 sustinere
1495 2523 1541 2555 et
1572 2521 1807 2565 mortuum
1832 2512 2079 2575 conjugem
2103 2493 2337 2575 amplecti.
2396 2510 2606 2557 Helenae

185 2617 297 2645 vero
331 2597 543 2662 strophas
578 2596 805 2660 disposuit
837 2594 1145 2641 Welckerum
1189 2603 1373 2638 secutus
1417 2593 1464 2637 in
1500 2610 1573 2657 ep.
1614 2593 1731 2657 cycl.
1774 2594 1834 2637 ΙΙ.
1875 2611 1919 2657 p.
1957 2595 2057 2638 265
2090 2609 2253 2639 versus
2287 2594 2388 2639 265
2420 2603 2471 2638 et
2499 2594 2607 2639 266

187 2667 485 2746 interpolatos
521 2679 877 2726 renuntiantem.

386 2803 574 2848 Tertius
604 2819 714 2848 vero
749 2813 795 2846 et
831 2800 1132 2856 novissimus,
1168 2797 1288 2861 quod
1326 2798 1448 2855 scio,
1489 2797 1692 2861 Koechly
1737 2797 1956 2861 peculiari
2000 2797 2157 2848 libello
2202 2797 2262 2842 ad
2296 2798 2606 2861 Welckemm

186 2885 327 2933 misso
362 2883 419 2931 de
453 2884 542 2932 hoc
577 2884 679 2932 loco
713 2884 826 2950 egit,
861 2883 995 2947 cujus
1030 2881 1254 2929 rationem
1290 2879 1602 2945 strophicam‚
1648 2897 1786 2946 quam
1833 2879 1971 2927 latius
2018 2880 2065 2926 in
2112 2882 2321 2928 carmina
2355 2881 2610 2928 Homerica

185 2967 414 3017 dominari
447 2968 567 3029 vult,
603 2968 758 3016 statim
782 2966 1040 3015 accuratius
1063 2964 1372 3030 explicaturus
1395 2981 1516 3010 sum.
1578 2961 1803 3029 Strophas
1837 2964 1938 3027 ejus
1962 2980 2069 3011 cum
2093 2963 2382 3029 Westphalo
2416 2964 2609 3011 omnino

185 3052 431 3100 conVenire
463 3052 575 3099 satis
610 3051 684 3098 hic
712 3051 801 3098 erit
834 3046 1281 3097 commemoravisse.

388 3283 433 3326 ¹⁴)
455 3283 498 3317 11.
521 3282 586 3323 XI,
613 3285 669 3315 ³6.
717 3281 764 3322 X,
787 3284 867 3314 2⁹2.
921 3279 1045 3323 odyss.
1071 3279 1138 3319 111,
1160 3281 1241 3313 ³82.
1296 3278 1459 3321 Ejusdem
1489 3278 1582 3310 modi
1609 3279 1743 3321 epodon
1774 3277 1977 3311 Iactat-chin·
2008 3278 2111 3323 'pouit
2138 3278 2174 3310 in
2203 3287 2303 3311 vanu
2335 3277 2489 3321 qaudam,
2518 3277 2610 3320 apud

183 3338 311 3373 nand.
335 3339 382 3379 V,
405 3343 460 3379 5⁹,
484 3339 607 3382 qnippe
629 3338 688 3380 qui
709 3338 788 3371 huie
809 3346 878 3371 ιιοιι
900 3337 1052 3370 videatur
1072 3336 1269 3368 hexameter
1290 3343 1375 3368 esse.
