2804 3458
1256 141 1522 185 -13-.-

184 273 386 338 satisne,
422 283 476 322 ut
507 273 585 322 vix
615 271 722 321 inde
755 236 906 337 legem
947 270 1176 337 quandam
1222 288 1276 320 ae
1309 273 1533 321 rationem
1578 272 1775 321 exn-icen
1821 256 2173 338 carminumque
2213 289 2290 321 ars
2332 284 2380 321 et
2419 290 2610 341 eompa-

183 357 291 418 sitio
325 356 560 460 strophica
592 355 808 403 subtilior
840 355 902 402 sit
934 370 1072 421 quam
1107 370 1225 421 quae
1258 355 1448 403 auribus
1478 357 1775 423 percipiatur.

216 467 255 478 -n
293 485 296 487 ,
344 439 529 495 Hisce
561 439 639 486 de
632 439 804 485 causis
837 455 981 505 quum
1011 438 1112 502 jam
1145 455 1200 484 eo
1235 437 1543 499 adducamur,
1588 450 1641 486 ιιι
1684 439 1945 510 strophieae
1988 456 2156 486 nomen
2199 439 2258 487 ab
2301 440 2386 487 bac
2428 440 2607 488 ratione

184 523 407 575 universa<
431 512 766 587 abiudicemus,
803 538 893 567 non
932 521 995 566 ita
1029 532 1182 567 tamen
1217 521 1415 568 inventis
1448 522 1668 589 Koechlyi
1701 522 1934 570 adversari
1971 538 2236 587 possumus,
2271 534 2324 570 ιιι
2357 522 2474 587 nibil
2507 524 2606 570 veri

184 607 242 652 in.
267 606 326 652 iis
359 606 509 652 inesse
543 603 765 651 dicamus.
838 604 931 650 Hic
966 603 1061 649 illic
1102 605 1226 649 enim
1271 605 1317 649 in
1361 606 1652 668 singulorum
1696 606 1955 651 carminum
2003 605 2199 669 ambage
2243 605 2494 670 partiendae
2538 607 2608 652 in·

182 688 462 745 veniuntur,
499 705 616 752 quae
650 687 909 752 strophicae
944 687 1073 751 quasi
1111 688 1423 751 responsionis
1468 700 1619 753 partes
1664 688 2029 734 luculentissime
2075 688 2163 734 sibi
2206 688 2460 738 vindicant.
2544 688 2609 736 Ut

182 770 341 838 paullo
383 770 531 818 fusius
575 769 795 834 disseram
841 769 897 816 de
939 787 994 816 eo
1041 769 1170 830 loco,
1217 787 1309 836 quo
1352 788 1470 836 nego
1516 771 1661 818 ullum
1707 782 1802 818 tota
1851 770 1995 818 lliade
2038 772 2231 838 reperiri
2276 760 2501 838 aptiorem
2548 770 2606 820 ad

185 854 405 919 Koechlyi
441 853 716 913 doctrinam,
754 853 800 899 in
836 852 981 900 altero
1008 852 1163 900 lliadis
1198 852 1317 900 libro
1352 853 1457 901 inde
1501 873 1528 902 a
1561 873 1695 902 versu
1744 855 1865 914 156,
1913 855 1959 901 in
1995 873 2163 920 parvae
2198 854 2357 903 lli-dis
2403 856 2607 904 carmine

184 948 350 1003 quarto
393 937 500 984 inde
545 955 571 984 a
615 954 752 984 versu
789 938 853 983 39
902 948 995 983 tam
1032 937 1147 983 bene
1192 936 1450 984 ordinatum
1487 938 1763 1003 paribusque
1810 938 2044 985 membris
2075 938 2345 986 distinctum
2396 939 2610 986 videmus

185 1037 452 1067 sermonum
498 1021 906 1084 nai-rationumque
960 1031 1192 1074 tenorem,
1248 1031 1299 1066 ut
1334 1021 1477 1067 inscio
1523 1027 1633 1068 haec
1678 1032 1814 1085 atque
1868 1022 2014 1068 invito
2060 1033 2222 1086 poetae
2265 1022 2489 1069 excidisse
2530 1023 2608 1068 vix

144 1127 158 1137 -
185 1102 411 1153 crederes,
484 1105 777 1168 Agamemno
813 1101 1003 1150 Graecis
1038 1114 1259 1163 suaserat,
1295 1121 1344 1149 re
1380 1103 1548 1150 infecta
1582 1105 1628 1149 in
1655 1105 1848 1169 patriam
1885 1104 2052 1151 redire.
2099 1103 2237 1166 Quo
2272 1104 2468 1152 consilio
2505 1121 2609 1170 pro-

186 1185 292 1233 bato
328 1204 489 1233 omnes
511 1185 568 1233 ad
595 1204 732 1234 naves
756 1197 914 1245 ruunt,
945 1197 995 1233 ut
1020 1185 1216 1233 reditum
1242 1197 1418 1252 parent.
1490 1187 1596 1233 Jam
1633 1198 1737 1233 octo
1763 1186 1973 1234 versibus
1994 1187 2140 1247 Juno,
2175 1187 2398 1252 Trojanis
2421 1187 2606 1248 infesta,

186 1270 445 1317 Minervam
481 1269 764 1329 exhortatur,
802 1280 853 1314 ut
886 1269 1067 1315 irritum
1106 1269 1242 1315 saciat
1275 1268 1362 1314 hoc
1394 1269 1636 1315 consilium
1674 1269 1957 1334 totidemque
1990 1270 2204 1317 Minerva
2227 1270 2442 1336 Ulyssem
2466 1270 2609 1318 Aebi-

185 1369 351 1401 vorum
387 1353 573 1418 ignavia
606 1353 850 1399 attonitum
886 1346 1109 1414 stimulat,
1147 1362 1198 1399 ιιι
1232 1363 1403 1398 tantam
1438 1370 1464 1398 a
1506 1369 1554 1399 se
1599 1353 1826 1418 sociisque
1859 1364 2036 1400 avertat
2079 1353 2406 1401 contumeliam
2452 1369 2609 1401 amen·

187 1438 406 1503 tiamque.
480 1436 673 1483 Duabus
708 1453 817 1483 vero
853 1436 1055 1502 strophis
1089 1436 1302 1482 ternariis
1337 1446 1471 1482 antea
1506 1436 1704 1501 legimus
1739 1437 1996 1484 Minervam
2041 1436 2098 1484 de
2133 1437 2338 1505 Olympo
2369 1436 2607 1504 delapsam

187 1522 233 1566 in
259 1520 543 1568 Graecorum
580 1521 779 1566 exercitu
808 1520 958 1585 Ulyssi
993 1520 1174 1566 obviam
1212 1521 1302 1565 ire:
1342 1519 1532 1566 totidem
1560 1519 1896 1583 ejusdemmodi
1920 1521 2122 1586 strophis
2145 1520 2358 1587 Ulyssem
2387 1520 2611 1568 doeemur

188 1604 346 1651 animo
381 1615 634 1651 recreatum
672 1603 809 1650 sociis
843 1620 892 1649 se
927 1621 1175 1669 opponere.
1247 1604 1401 1668 Reges
1435 1602 1588 1650 verbis
1624 1602 1823 1663 blandis,
1858 1603 2090 1651 atrocibus
2114 1604 2329 1670 populos,
2363 1615 2417 1652 ιιι
2448 1604 2507 1652 ab
2541 1604 2611 1651 iu·

186 1698 319 1754 cepto
354 1687 599 1747 desistant,
643 1686 873 1734 admonet.
945 1686 1109 1751 Neque
1154 1686 1201 1733 in
1246 1687 1318 1734 his
1363 1686 1656 1752 stropharum
1700 1687 1953 1752 aequalitas
1995 1687 2297 1736 desideratur.
2379 1688 2444 1735 Ut
2483 1688 2607 1736 enim

187 1770 377 1836 stropha
411 1771 589 1817 binaria
623 1781 669 1817 et
702 1770 962 1835 principum
999 1780 1045 1815 et
1079 1768 1344 1817 infimorum
1382 1770 1730 1834 castigationem
1777 1770 1978 1830 inducit,
2024 1772 2087 1817 ita
2131 1764 2325 1836 utraque
2368 1771 2609 1834 castigatio

188 1855 308 1900 binis
341 1854 542 1917 strophis
577 1854 790 1899 ternariis
825 1854 1103 1901 continetur.
1177 1854 1336 1916 Hujus
1372 1854 1459 1898 loci
1498 1854 1642 1916 igitur
1676 1855 1794 1898 ratio
1830 1865 1901 1899 est
1933 1854 2067 1899 baec:

846 1939 906 1982 A.
1042 1937 1099 1982 Β.
1247 1938 1308 1982 A.
1446 1938 1504 1982 Β.
1645 1937 1700 1982 C.
1872 1937 1928 1983 C.

780 1990 1371 2068 3........3233332
1413 2020 1536 2065 3..3
1580 2019 1769 2069 2..33.
1809 2020 2008 2070 2.3.3.

183 2102 313 2165 Quid
347 2120 517 2169 quaeso
551 2102 808 2168 elegantius
832 2103 916 2149 hac
945 2102 1294 2167 compositione,
1320 2102 1430 2168 quid
1463 2103 1713 2167 speciosius
1739 2102 1823 2149 bac
1858 2102 2066 2150 doctriua
2100 2072 2363 2169 stropbica?
2384 2105 2605 2152 Attamen

133 2212 136 2213 ⁷
183 2186 486 2235 conliteamur
518 2197 726 2252 oportet,
778 2187 897 2234 hanc
943 2186 1290 2262 compositionis
1335 2186 1531 2232 formam
1578 2197 1625 2232 et
1668 2187 1884 2233 virtutem
1934 2204 2024 2233 non
2062 2187 2148 2233 nisi
2184 2187 2396 2234 versibus
2428 2186 2610 2254 aliquot

183 2270 344 2319 deletis
356 2269 722 2336 explendescere.
757 2271 1199 2334 Ejectisuntversus
1222 2270 1591 2319 164,181.194.
1618 2271 1728 2316 195.
1744 2270 1859 2319 206.
1887 2269 2051 2331 Quum
2070 2287 2181 2317 vero
2195 2270 2403 2337 Koechly
2419 2287 2606 2334 versum

187 2356 282 2402 164
315 2355 574 2401 Aristarchi
610 2355 819 2420 exemplo
853 2372 958 2402 cum
994 2354 1096 2400 aliis
1129 2351 1462 2418 expungat⁴¹),
1499 2370 1658 2399 versus
1696 2354 1817 2412 181,
1863 2353 1987 2418 quod
2021 2355 2146 2414 scio,
2191 2372 2221 2400 a
2265 2356 2451 2402 nemine
2492 2355 2606 2404 dum

183 2447 384 2503 tentatus
419 2446 489 2484 est
523 2453 671 2503 neque
706 2437 856 2503 ipsum
895 2435 1178 2500 Koechlyum
1214 2435 1367 2482 inveni
1414 2434 1553 2482 ullam
1588 2452 1772 2482 causam
1809 2435 2002 2496 afferre,
2049 2453 2133 2484 cur
2179 2436 2432 2486 insiticium
2482 2436 2608 2485 hune

183 2536 367 2570 versum
404 2519 607 2580 duceret,
645 2521 731 2567 nisi
770 2520 887 2567 l'orte
922 2519 1122 2586 putavit,
1159 2528 1321 2584 sponte
1355 2534 1601 2584 apparere,
1637 2535 1692 2565 ex
1726 2535 1861 2566 versu
1911 2520 2006 2567 165
2050 2536 2156 2568 eum
2202 2520 2451 2587 repetitum
2487 2538 2606 2582 esse,

185 2615 236 2651 ιιι
263 2604 465 2652 Junouis
500 2614 546 2650 et
575 2604 813 2649 Minervae
846 2619 1082 2648 sermones
1116 2619 1171 2662 ex
1207 2617 1334 2647 more
1360 2611 1596 2667 poetarum
1622 2602 1980 2648 Homer-ieorum
2011 2602 2395 2668 adaequarentur,
2468 2608 2532 2651 At
2566 2605 2606 2652 si

183 2688 288 2755 quis
321 2687 382 2735 ob
422 2686 467 2734 id
512 2688 662 2754 ipsum
708 2686 829 2733 hunc
872 2702 1058 2733 versum
1104 2694 1356 2745 tutaretur,
1405 2702 1494 2731 non
1540 2684 1943 2750 reprehendendus
1989 2696 2131 2734 esset.·
2206 2685 2308 2734 Nee
2353 2687 2505 2753 magis
2550 2687 2609 2736 de

184 2771 364 2836 ulyssis
397 2770 799 2835 objurgationibus
824 2768 1043 2833 Koechlyi
1078 2768 1302 2814 sententia
1337 2785 1443 2814 cum
1477 2767 1580 2813 aliis
1605 2768 1835 2831 congruit.
1910 2769 1972 2815 Ut
2004 2769 2360 2833 Naegelsbaehii
2406 2772 2611 2818 rationes

184 2855 565 2919 praetermittam,
605 2854 685 2917 qui
731 2853 938 2899 omnium
983 2869 1098 2915 quos
1144 2844 1248 2896 libri
1291 2851 1507 2896 exhibent
1549 2858 1768 2897 versuum
1812 2853 2013 2915 suscepit
2063 2851 2407 2911 defensionem,
2462 2855 2611 2900 Lach-

109 2999 117 3003 ‘
185 2955 382 2985 mannus
416 2934 739 2984 Aristarchum
772 2946 958 2983 secutus
972 2932 1038 2998 ⁴²)
1086 2931 1334 2998 ejiciendos
1375 2949 1474 2981 esse
1519 2933 1699 2981 censuit
1742 2952 1904 2982 versus
1940 2934 2233 2996 194-197,
2278 2954 2464 2984 versum
2514 2938 2610 2985 193

184 3031 337 3069 autem
362 3019 684 3081 retinendum,
721 3036 857 3086 quem
893 3018 951 3066 ab
988 3016 1255 3083 Aristarcho
1289 3033 1341 3064 ea
1387 3016 1443 3064 de
1478 3034 1615 3065 causa
1651 3017 1839 3082 conjicit
1880 3035 1985 3066 cum
2030 3019 2195 3067 ceteris
2244 3018 2445 3068 deletum
2491 3038 2609 3081 esse,

185 3105 294 3171 quia
323 3103 535 3162 'versibus
569 3102 837 3151 203—206
871 3120 926 3150 ex
962 3101 1219 3149 Aristarchi
1258 3101 1486 3148 sententia
1519 3101 1673 3149 statim
1713 3112 1814 3168 post
1849 3119 1893 3153 v.
1938 3104 2033 3153 193
2069 3103 2231 3170 positis
2269 3103 2415 3169 ‚hujus
2450 3121 2611 3153 versus

62 3179 95 3230 s
184 3188 392 3259 clausula
434 3205 539 3235 cum
591 3187 690 3234 203
743 3204 834 3233 non
881 3182 996 3233 bene
1049 3185 1330 3232 conveniret.
1410 3187 1497 3232 *ln*
1535 3186 1801 3232 recensione
1853 3186 2146 3253 Koechlyana
2192 3199 2387 3255 utraque
2432 3188 2612 3254 Ulyssis

163 3271 426 3337 ,castigatio
461 3290 515 3319 ex
539 3271 672 3336 *senis
706 3271 915 3318 versibus
951 3281 1156 3329 constat,
1202 3270 1248 3316 in
1295 3269 1616 3317 dissertatione
1652 3287 1788 3336 vero,
1833 3288 1971 3335 quam
2017 3272 2074 3318 de
2118 3272 2205 3319 hoe
2254 3271 2372 3319 libro
2406 3273 2610 3337 scripsit,

387 3384 433 3423 ⁴¹)
458 3394 486 3414 v.
513 3385 592 3415 diss.
617 3385 659 3415 de
685 3384 722 3414 11.
748 3384 787 3415 B.
817 3386 956 3414 1-483,
982 3400 1008 3405 -
1046 3381 1092 3421 ⁴²)
1116 3392 1148 3412 v.
1171 3382 1301 3414 observ.
1325 3382 1368 3411 ad
1395 3381 1433 3414 n.
1459 3391 1491 3422 p.
1521 3383 1569 3412 ¹2.
