2804 3458
1242 112 1506 156 -12—

164 244 449 295 indicaverat
463 242 551 310 ⁸⁸),
586 244 881 311 stropharum
918 255 962 292 et
1007 244 1404 310 quaternariarum
1441 253 1487 290 et
1527 243 1830 292 ternariarum
1868 243 2048 290 tertiam
2083 242 2178 290 fere
2213 228 2388 308 partem
2428 253 2597 310 postea
2628 311 2636 319 st
2662 288 2686 298 „
2758 262 2770 270 -’

162 329 213 376 in
251 344 393 395 parva
429 328 573 377 lliade
609 337 832 376 mutatam
867 327 1073 375 exhihuit
1117 337 1163 373 et
1203 327 1353 391 major
1397 327 1537 373 etiam
1584 337 1655 373 est
1697 342 1918 373 numerus
1961 325 2256 392 stropharum
2281 334 2284 337 ’
2305 325 2352 373 in
2394 326 2595 393 septimo
2673 364 2674 367 η
2707 344 2710 345 ’

161 412 373 459 carmine
406 411 542 459 aliter
576 412 947 458 constitutarum.
1021 412 1075 456 ln
1110 420 1238 456 sexto
1274 410 1397 456 enim
1430 410 1634 457 carmine
1672 409 1876 475 Koechly
1911 409 1955 455 in
1993 408 2065 455 his
2088 408 2266 456 dixerat
2298 409 2593 475 stropharum
2685 412 2695 416 “

162 495 569 560 quaten-uariarum
615 494 840 541 ambitum
888 492 1230 557 agnoscendum
1276 510 1401 538 esse:
1473 499 1523 543 Γ
1549 493 1777 551 23-26,
1831 492 2059 551 54-57,
2104 493 2330 552 59-62,
2372 482 2591 551 63-66,
2682 535 2690 542 ,

170 577 453 636 97-100,
498 577 807 633 tot—104,
858 577 1169 633 259—262,
1214 577 1530 634 263-266‚
1579 575 1883 633 304-307,
1941 577 2250 634 340-343,
2295 575 2638 634 344-τ347,“

169 659 493 718 377-380,
527 659 836 716 381-384,
870 660 1182 716 451-454,
1219 659 1462 717 A5-8,
1498 660 1743 716 25--28‚
1780 659 2024 716 58-61‚
2061 657 2311 716 75—78,
2356 658 2597 717 85-88,

169 743 419 802 89-92,
470 743 741 789 118--121
763 775 779 802 ,
832 726 1151 801 ’wo—134,
1206 743 1514 801 135—138,
1572 742 1862 800 151-154,
1889 742 2230 801 ,155-158,
2289 740 2595 801 178-181,

176 825 491 885 “mn-202,
543 826 854 885 209—2l2‚
915 826 1223 886 213—2163
1269 825 1574 872 ternariarum
1613 825 1658 870 in
1695 824 1792 871 his:
1840 829 1890 875 Γ
1930 824 2244 884 105-107,
2296 824 2595 884 348-350,

168 913 221 959 Δ
250 908 479 968 79-81,
519 910 807 968 124-126,
847 909 1137 967 148-150,
1179 910 1471 969 too—1623
1517 908 1595 954 sed
1632 908 1722 955 alia
1756 919 1827 954 est
1860 908 2153 974 stropharum
2190 909 2237 953 in
2276 924 2416 973 parva
2453 907 2597 957 Iliade

168 991 423 1056 dispositio.
476 993 527 1037 ln
546 993 741 1057 septimo
760 993 963 1038 carmine
984 1003 1184 1037 mutatae
1203 992 1503 1037 inveniuntur
1525 993 1610 1037 hae
1629 991 1947 1055 quaternariae
1971 991 2212 1055 strophae:
2249 996 2299 1040 Γ
2315 993 2596 1051 taz-135,

179 1074 463 1133 164—167‚
487 1074 768 1134 172-175,
791 1075 944 1120 184-
960 1074 1073 1132 187,
1098 1075 1376 1133 191-194,
1400 1075 1681 1131 195-198,
1708 1075 1988 1134 199—202,
2007 1070 2293 1134 203-206,
2311 1075 2600 1134 212-215,
2639 1101 2642 1103 —

168 1157 465 1217 228—231‚
517 1158 811 1216 239-242,
848 1162 901 1208 Δ
928 1158 1226 1215 zati—239,
1283 1158 1578 1216 242-245,
1626 1157 1921 1216 246-·249‚
1968 1158 2263 1216 293-296,
2308 1156 2596 1218 297-300,

169 1240 460 1299 341-344,
497 1240 791 1299 345-348,
828 1241 1119 1299 358-361,
1164 1241 1311 1286 368-
1332 1239 1456 1298 371,
1495 1240 1789 1298 415-418,
1826 1240 2052 1286 ternariae
2088 1240 2197 1286 hae:
2235 1245 2284 1291 Γ
2316 1241 2597 1301 129-131,

171 1324 453 1382 tot-163,
476 1323 757 1383 168-170,
780 1323 1061 1382 178-180‚
1086 1325 1173 1369 181
1199 1325 1369 1381 --„183‚
1395 1324 1676 1383 188-190,
1704 1323 1989 1382 272-274,
2008 1323 2294 1384 280—282,
2314 1325 2599 1391 310—312‚

168 1407 454 1466 326-328,
473 1408 757 1467 382-384,
779 1409 1062 1454 412—414.
1139 1406 1272 1468 Quae
1307 1424 1449 1472 quum
1488 1408 1548 1454 ita
1575 1409 1691 1466 sint,
1729 1408 1909 1453 crimini
1938 1424 2028 1454 non
2054 1407 2254 1454 dandum
2292 1424 2390 1454 esse
2414 1424 2595 1469 censeo,

169 1491 206 1536 si
244 1491 348 1556 quis
382 1491 648 1538 Homericis
683 1491 965 1537 carminibus
1000 1491 1133 1536 aliter
1169 1502 1304 1556 atque
1331 1491 1534 1556 Koechly
1560 1492 1667 1537 fecit
1702 1502 1746 1537 et
1780 1492 1906 1537 varie
1936 1491 2083 1555 legem
2122 1491 2420 1556 strophicam,
2457 1509 2593 1558 quam

169 1584 323 1620 mente
360 1573 438 1620 ille
472 1573 837 1640 comprehendit,
872 1573 1056 1620 obtrudi
1096 1593 1227 1640 posse
1264 1575 1452 1638 conjicit
1488 1574 1680 1640 ideoque
1716 1593 1815 1621 eam
1851 1575 2040 1621 omnino
2076 1593 2263 1621 assensu
2298 1575 2597 1641 comprobare

168 1656 364 1707 dubitat.
439 1657 561 1705 Nam
598 1676 655 1704 ne
692 1656 808 1704 illud
844 1657 1029 1723 quidem
1067 1669 1188 1705 recte
1224 1658 1531 1722 excogitatum
1568 1677 1666 1705 esse
1703 1658 1909 1718 videtur,
1953 1659 2096 1723 ipsius
2141 1669 2331 1705 naturae
2376 1658 2595 1706 instinctu

168 1750 326 1804 poetas
361 1741 639 1787 Homericos
674 1740 732 1786 ad
769 1740 814 1786 id
849 1740 1096 1787 artificium
1133 1741 1295 1786 adduci
1335 1758 1517 1787 necesse
1555 1742 1721 1802 fuisse3
1759 1741 1881 1807 quod
1906 1741 2040 1806 quale
2064 1741 2140 1798 sit,
2178 1758 2319 1806 quum
2356 1741 2475 1788 haud
2500 1742 2597 1788 scio

166 1840 224 1868 an
262 1825 445 1886 penitus
491 1823 698 1887 intellegi
746 1825 916 1887 possit,
965 1834 1062 1868 tum
1109 1826 1414 1887 posteriorum
1453 1825 1708 1870 carminum
1748 1826 1891 1882 ratio,
1927 1842 2042 1888 quae
2081 1826 2180 1887 ipso
2217 1825 2449 1888 Koechlyo
2481 1835 2624 1871 teste.

165 1907 277 1952 artis
316 1907 575 1971 strophicae
610 1918 655 1952 et
690 1907 1038 1971 compositionis
1064 1925 1167 1952 rara
1191 1908 1411 1972 praebent
1435 1908 1659 1972 exempla,
1700 1925 1781 1953 nos
1807 1908 1982 1966 edocet,
2021 1908 2166 1973 poetis
2191 1907 2300 1965 inis,
2338 1910 2415 1972 qui
2443 1920 2595 1955 mente

165 1999 344 2036 tantum
381 1988 632 2055 linguaque
668 1988 1031 2055 componebant,
1083 1989 1274 2035 minime
1319 1989 1404 2036 hoc
1450 1989 1644 2036 artificio
1692 2008 1807 2056 opus
1854 1990 2010 2037 fuisse.
2097 1989 2195 2036 lmo
2238 1990 2275 2036 si
2321 1991 2590 2038 memoriam

164 2073 384 2137 adjuvare
418 2071 690 2132 voluissent,
730 2090 867 2119 unam
905 2071 1188 2138 eandemque
1224 2073 1459 2138 stropham
1498 2092 1579 2139 per
1613 2085 1759 2120 totum
1797 2092 1981 2120 carmen
2015 2073 2265 2120 admodum
2308 2074 2405 2120 veri
2441 2074 2593 2122 simile

113 2159 123 2167 '
163 2167 233 2203 est
268 2173 347 2203 eos
382 2167 686 2221 usurpaturos
722 2156 891 2214 fuisse,
929 2156 1062 2218 cujus
1098 2157 1163 2202 rei
1200 2156 1460 2221 exemplum
1498 2168 1543 2204 et
1578 2157 1774 2222 catalogi
1809 2157 1886 2204 ille
1932 2169 2064 2223 poeta
2110 2169 2156 2204 et
2199 2169 2460 2205 nostrorum
2498 2159 2592 2224 epi-

164 2256 324 2308 corum
371 2250 583 2287 auctores
629 2238 760 2287 nobis
807 2251 1161 2304 proposuerunt.
1256 2241 1359 2287 Hac
1407 2241 1755 2288 ratiocinatione
1802 2259 2070 2307 persuasum
2116 2242 2261 2289 babeo
2306 2242 2467 2302 illum,
2507 2237 2599 2308 qui

163 2323 533 2370 dissertationem
570 2341 699 2370 suam
739 2324 784 2369 in
820 2324 959 2372 Jahn.
1000 2342 1106 2369 ann.
1152 2326 1278 2369 1855
1317 2325 1604 2371 inserendam
1642 2327 1843 2384 curavit,
1887 2326 2101 2372 allectum
2139 2345 2264 2384 esse,
2303 2338 2355 2372 ut
2388 2327 2476 2372 tria
2512 2326 2591 2373 illa

165 2406 318 2472 priora
357 2405 515 2453 lliadis
539 2406 743 2452 carmina
780 2423 805 2451 a
826 2405 1124 2453 Lachmanno
1144 2407 1391 2454 constituta
1415 2408 1777 2472 septenariarum
1814 2407 2106 2474 stropharum
2132 2409 2309 2456 ambitu
2333 2408 2591 2456 decurrisse

162 2489 446 2555 opinaretur.
520 2488 707 2551 Quanta
755 2505 863 2536 vero
909 2488 1047 2553 hujus
1089 2489 1272 2537 licentia
1308 2492 1353 2537 in
1391 2491 1590 2557 strophis
1638 2491 1969 2539 constituendis
2013 2491 2177 2552 fuerit,
2228 2492 2451 2540 acerrime
2490 2492 2587 2557 jam

165 2572 368 2638 Koechly
403 2571 713 2638 reprehendit,
753 2571 865 2618 nihil
893 2572 1099 2638 profecto
1135 2572 1291 2619 dicens
1309 2572 1372 2631 ³⁹)
1407 2575 1606 2634 obstare,
1643 2575 1891 2640 quominus
1928 2575 2288 2641 unumquodque
2324 2593 2507 2623 carmen
2543 2575 2589 2621 in

161 2656 389 2722 quaslibet
420 2666 501 2702 aut
536 2655 751 2702 binorum
789 2665 870 2702 aut
904 2664 1143 2702 ternorum
1179 2667 1259 2702 aut
1294 2658 1433 2725 etiam
1470 2657 1690 2724 plurium,
1728 2668 2021 2724 quotcunque
2059 2658 2332 2724 placuerint,
2370 2675 2595 2706 versuum·

161 2738 374 2802 strophas
399 2739 702 2784 distribuatur
719 2737 804 2801 ⁴⁰).
880 2738 1171 2802 Koechlyana
1205 2740 1320 2784 ratio
1345 2740 1575 2804 strophica
1611 2759 1666 2786 ex
1690 2742 1921 2786 contrario
1947 2758 2133 2806 peccare
2157 2741 2354 2789 videtur.
2427 2741 2587 2802 Quum

161 2822 283 2868 enim
321 2821 674 2884 diligentissime
709 2821 994 2879 attenderet,
1033 2833 1084 2866 ut
1118 2822 1411 2885 stropharum
1449 2824 1871 2886 sententiarumque
1906 2823 2063 2869 eadem
2109 2836 2261 2870 essent
2304 2825 2462 2883 initia,
2495 2842 2586 2874 nou

164 2902 312 2967 potuit
347 2921 439 2951 non
477 2903 598 2951 iuter
631 2922 731 2951 sese
767 2915 1040 2951 connectere
1075 2914 1212 2968 atque
1248 2904 1531 2969 conjungere
1572 2905 1699 2952 varia
1734 2904 2025 2971 stropharum
2071 2925 2241 2971 genera
2284 2919 2411 2955 tanta
2454 2906 2591 2955 alter·

360 3054 404 3092 ³⁸)
429 3055 495 3086 vid.
521 3055 599 3085 diss.
625 3054 686 3087 IV.
717 3065 738 3096 p
786 3058 833 3085 13.
867 3064 914 3095 sq.
953 3071 995 3077 -
1029 3054 1073 3094 ³⁹)
1107 3055 1173 3087 vid.
1207 3055 1374 3096 Koechlyi
1406 3056 1554 3097 opuscul.
1596 3057 1681 3097 epic.
1712 3056 1757 3088 11.
1788 3066 1821 3097 p.
1856 3059 1885 3088 6.
1918 3073 1960 3080 -
1992 3057 2037 3098 ⁴⁰)
2061 3058 2315 3100 Ejusdemmodi
2338 3058 2525 3100 periculum
2553 3058 2589 3089 iu

159 3109 399 3150 antiquissimis
429 3110 537 3151 poesis
579 3110 695 3152 epicae
735 3110 928 3143 theodiseae
961 3109 1109 3152 reliquiis
1140 3109 1266 3143 factum
1299 3114 1358 3143 est.
1406 3110 1509 3153 Apud
1535 3111 1716 3154 Hauptium
1743 3111 1806 3146 111.
1836 3123 1868 3155 p.
1902 3115 1977 3146 447.
2011 3113 2194 3147 Muellerus
2227 3123 2362 3147 carmen
2391 3113 2445 3146 vel
2476 3111 2588 3156 potius

157 3163 381 3206 fragmentum
405 3165 488 3197 illud
512 3166 555 3197 de
577 3165 799 3198 Hildebraudi
821 3175 898 3198 cum
923 3166 1155 3198 Hadubrsudo
1178 3166 1250 3198 filio
1273 3167 1453 3199 certamine
1485 3168 1528 3200 ad
1552 3168 1764 3211 strophicam
1796 3168 1905 3211 legem
1937 3178 2095 3203 revocare
2130 3174 2270 3202 conatus
2303 3174 2355 3203 est
2382 3169 2462 3202 item
2487 3173 2589 3212 atqua

155 3221 290 3263 ignotus
313 3221 376 3253 iste
410 3221 504 3254 nulla
526 3222 653 3254 ratione
676 3221 791 3254 habita
815 3223 1057 3264 discrepantiae
1080 3222 1166 3255 inter
1188 3224 1400 3265 stropharum
1426 3224 1734 3267 sententiarumque
1757 3225 1862 3257 initia.
1931 3225 2032 3264 Quod
2069 3226 2205 3268 quidem
2243 3226 2428 3268 periculum
2465 3226 2588 3272 quibus
2638 3231 2640 3233 '

155 3277 361 3317 argumentis
384 3277 428 3308 ad
451 3277 539 3309 hanc
562 3277 662 3308 etiam
687 3278 729 3308 de
752 3287 907 3309 versuum
940 3278 1194 3310 Homericorum
1230 3279 1472 3321 compositione
1501 3281 1673 3322 strophica
1704 3281 1933 3322 quaestionem
1966 3282 2114 3313 maxime
2147 3282 2276 3313 idoneis
2310 3280 2371 3314 viri
2403 3270 2587 3314 doctissimi

152 3331 357 3371 refellerant,
382 3342 422 3364 ea
445 3333 510 3366 vid.
536 3343 588 3374 ap.
614 3333 843 3366 Muellenhoff.
871 3335 912 3366 de
937 3345 1037 3367 carm.
1063 3334 1325 3367 Wessosontauo
1348 3346 1380 3377 p.
1410 3338 1459 3368 17.
1485 3346 1533 3377 sq.
