2804 3458
1204 91 1209 95 .
1282 107 1348 118 “-
1399 61 1432 129 ·7
1484 94 1576 119 -,

136 175 146 185 »
436 229 561 269 ιιι-,ιιι
571 212 796 282 populari
825 231 855 265 a
876 213 1134 281 ᾤμωξα
1158 217 1329 270 ιιαίιιε-ιι
1358 225 1433 263 est
1464 157 1692 276 inditam,
1728 188 2140 292 aaaamematar
2137 229 2300 282 versus
2333 213 2462 295 505,
2506 216 2637 279 W,
2708 260 2711 263 .
2751 227 2758 231 ·

105 263 107 265 ’
144 266 658 361 §mmo-*552
675 297 965 358 553--555‚
993 296 1120 359 557,-
1141 298 1279 373 558,
1304 297 1421 358 570,
1457 297 1588 363 572,
1610 297 1731 359 667,
1757 296 2058 357 658476,
2069 275 2368 361 ⁷534⁷553
2379 299 2627 364 mado,

168 379 357 447 quad.
353 381 596 446 poeticum
631 382 740 429 sive
763 380 1018 433 Iliadicum
1033 381 1325 439 nominatur,
1360 382 1652 442 528-ι-530,
1689 383 1807 443 629,
1843 360 1961 440 634,
1997 358 2091 428 641
2103 381 2285 445 -642,
2319 369 2493 429 640-
2506 382 2626 459 651,

36 434 39 443 “
171 462 518 523 ιαμ-694,
553 462 870 523 7οοψ-7ο2,
904 461 1221 523 723-725,
1256 462 1571 526 742-746,
1608 465 1656 512 in
1691 464 1847 524 tenio,
1878 461 2008 530 quod
2042 461 2260 528 vulg-m
2289 464 2407 512 mn
2440 463 2627 530 gaas.

108 582 116 592 ,
203 544 583 622 interpolationes
617 545 853 593 continere
888 545 1084 605 dicitur,
1118 562 1279 594 versus
1317 548 1434 608 514,
1470 548 1586 607 614,
1623 548 1740 608 636,
1776 546 2047 594 707-709
2091 537 2335 596 habentur.
2407 547 2552 611 Quod
2584 548 2626 595 si

201 630 472 697 quaerimus
505 640 652 677 artem
678 629 915 690 criticam,
962 629 1113 695 qualis
1152 629 1211 675 ab
1251 648 1306 676 eo
1341 630 1545 678 adbibita
1589 632 1651 677 sit
1694 632 1742 677 in
1789 612 2200 702 interpolationum
2247 631 2624 696 investigatione,

204 715 408 781 panium
441 711 549 760 illos
583 712 711 760 locos
745 730 838 759 non
881 711 1045 759 inutile
1088 712 1178 759 erit
1219 730 1488 760 enumerare
1532 714 1590 761 ab
1625 714 1728 760 aliis
1768 715 1868 777 jam
1913 714 1993 779 qui
2038 713 2325 761 carminibus
2358 713 2625 773 Homericis

203 795 503 860 emendandis
537 795 807 861 laciniisque
842 795 1091 867 liberandis
1126 795 1405 844 indefessum
1442 797 1644 844 laborem
1669 796 2000 845 dedicaverunt
2022 796 2157 861 virga
2187 797 2398 845 censoria
2420 807 2620 848 notam.

203 881 288 933 Ae·
310 878 569 928 Bekkerum
604 878 814 942 videmus
847 879 894 926 in
929 878 1072 926 altera
1108 878 1264 927 lliadis
1298 879 1497 928 editione
1530 898 1691 928 versus
1724 881 2010 941 491--493‚
2045 878 2164 941 580,
2201 879 2319 941 670,
2355 878 2624 929 708-709

202 963 252 1011 in
287 963 383 1010 imo
419 963 627 1028 margine
657 963 889 1029 posuisse,
928 962 1050 1028 ipsos
1074 980 1183 1009 vero
1206 963 1543 1010 Alexandrinos
1578 975 1625 1010 et
1658 964 1906 1011 maximam
1931 974 2109 1030 partem
2134 963 2430 1011 Zenodotum
2466 963 2625 1030 plnres

194 1045 341 1096 etiam
376 1045 435 1094 ab
468 1045 678 1094 Homero
712 1045 1047 1112 abjudicavisse
1082 1064 1138 1093 ex
1172 1046 1519 1094 annotationum
1557 1047 1737 1112 pag-inis
1774 1046 1925 1094 417-
1942 1047 2040 1093 419
2076 1046 2244 1112 conjici
2282 1045 2405 1094 licet.
2474 1048 2541 1094 At
2573 1047 2623 1093 in

203 1129 625 1196 Alexandrinorum
660 1141 760 1177 arte
795 1132 938 1177 nostri
974 1130 1194 1195 temporis
1228 1130 1374 1177 critici
1411 1141 1590 1177 tantum
1626 1129 1781 1190 abest,
1819 1142 1870 1177 ut
1903 1131 2224 1196 acquiescant,
2269 1141 2322 1178 ut
2366 1130 2455 1179 boc
2489 1130 2623 1196 quasi

203 1194 504 1261 fondamento
535 1214 856 1281 quaestionum
885 1213 1013 1277 jacto
1048 1230 1103 1260 ex
1143 1213 1500 1261 Homericarum
1545 1214 1870 1279 epopoeiarum
1917 1230 2140 1279 compage
2179 1214 2368 1279 singula
2410 1230 2622 1280 quaeque

202 1297 408 1345 carmina
442 1296 693 1345 dissolvere
727 1296 961 1344 studentes
998 1296 1169 1343 multos
1202 1296 1317 1343 alios
1353 1296 1478 1343 locos
1513 1296 1709 1343 deleant.
1782 1296 1880 1344 Nec
1916 1297 2011 1343 sere
2034 1298 2279 1365 quisquam
2314 1299 2483 1366 opinor
2512 1298 2620 1357 erit,

201 1382 281 1447 qui
334 1381 596 1446 catalogum
651 1381 941 1447 potissimum
994 1380 1233 1446 rhapsodis
1286 1398 1444 1427 ansam
1502 1398 1620 1427 nova
1667 1380 1892 1426 inferendi
1943 1381 2183 1447 laudisque
2235 1382 2528 1428 affectatione
2572 1382 2621 1428 in

200 1465 399 1529 gratiam
435 1464 621 1511 urbium
659 1464 805 1510 multa
839 1463 1102 1510 intrudendi
1129 1463 1345 1527 praebere
1372 1464 1573 1528 potuisse
1597 1463 1836 1509 infitietur.
1901 1464 1952 1508 Ιιι
1977 1481 2176 1528 quorum
2200 1463 2620 1511 additamentorum

200 1564 371 1612 genere
405 1549 562 1594 omnia
596 1548 676 1593 illa
710 1558 818 1594 sunt
853 1546 1153 1601 numeranda,
1190 1563 1307 1610 quae
1344 1564 1425 1610 per
1460 1564 1508 1592 se
1543 1546 1643 1610 ipsa
1680 1546 1947 1610 posterioris
1977 1547 2204 1611 temporis
2249 1558 2478 1595 testantur
2512 1565 2620 1595 eon·

200 1628 449 1690 ditionem,
494 1629 690 1697 exempli
726 1630 878 1695 gratia
912 1646 1028 1694 quae
1064 1628 1120 1675 de
1152 1628 1424 1694 Tlepolemo
1453 1628 1710 1676 Heraclida
1753 1640 1799 1676 et
1842 1626 2008 1676 Rhodo
2053 1629 2206 1677 insula
2250 1629 2486 1695 leguntur.
2559 1630 2624 1678 Et

201 1730 346 1779 quum
381 1712 619 1779 catalogus
654 1713 863 1761 omnium
901 1711 996 1758 sere
1029 1709 1333 1772 consensu²³)
1369 1729 1424 1759 cx
1447 1711 1712 1758 Homericis
1749 1712 1809 1758 sit
1844 1711 2168 1773 removendus,
2205 1729 2284 1760 eos
2318 1714 2456 1760 etiam
2495 1713 2620 1760 locos

201 1796 369 1864 quibus
411 1795 470 1844 ad
521 1814 676 1844 rerum
722 1795 1033 1843 conditionem
1087 1806 1183 1842 tota
1241 1794 1384 1841 iliade
1428 1796 1710 1862 propositam
1754 1796 2025 1861 adaptatur,
2071 1796 2268 1842 infersos
2311 1797 2618 1844 censebimus.

199 1881 362 1948 ltaque
393 1880 673 1927 secernenda
707 1890 833 1939 sunt,
865 1896 982 1945 quae
1004 1879 1060 1925 de
1096 1879 1351 1925 Protesilao
1375 1889 1421 1924 et
1445 1879 1696 1926 Laodamia
1731 1890 1776 1924 et
1799 1879 1981 1925 Achille
2017 1880 2076 1926 ob
2099 1880 2468 1945 Agamemnonis
2500 1880 2621 1932 iram

199 1963 346 2011 otium
381 1974 548 2029 agente
583 1974 831 2011 narrantur
846 1962 931 2026 ²⁴).
1002 1964 1107 2010 Jam
1144 1963 1245 2022 has,
1281 1980 1398 2028 quae
1432 1962 1512 2009 diu
1556 1963 1759 2028 prolatae
1795 1974 1952 2022 erant,
1998 1963 2282 2028 suspiciones
2327 1981 2419 2010 non
2464 1963 2618 2023 solnm

199 2048 246 2095 in
303 2064 439 2095 suum
487 2046 692 2113 Koechly
735 2046 874 2094 vertit
919 2062 1084 2105 usum,
1131 2032 1230 2093 sed¹
1254 2045 1494 2093 subtiliore
1549 2046 1686 2092 etiam
1743 2046 1916 2111 ingenii
1961 2046 2173 2093 acumine
2218 2047 2265 2092 in
2322 2046 2439 2093 alios
2491 2047 2620 2095 locos

197 2129 465 2198 inquisivit,
517 2147 715 2196 quorum
763 2146 879 2196 quos
931 2128 1076 2175 libero
1121 2128 1312 2175 arbitrio
1359 2146 1558 2194 suaeque
1601 2128 1693 2192 legi
1750 2129 2007 2194 sti-ophicae
2059 2129 2343 2176 condonasse
2387 2129 2617 2190 videatur,

198 2213 567 2260 adversariorum
603 2230 687 2259 nos
721 2211 1065 2259 considerantes
1099 2212 1434 2258 confutationes
1471 2212 1813 2277 perspiciemus.
1876 2212 2091 2277 Suscepit
2125 2229 2234 2276 prae
2277 2212 2495 2259 omnibus
2530 2213 2619 2280 boe

199 2297 438 2363 negotium
474 2295 820 2343 Baeumleinius
856 2296 902 2341 in
937 2295 1077 2342 Jahn.
1117 2294 1269 2341 annal.
1312 2294 1456 2341 1857.
1530 2294 1574 2340 ls
1609 2311 1751 2359 quum
1789 2311 2165 2360 unumquemque
2201 2293 2332 2341 nulla
2372 2312 2619 2360 praeoccu-

198 2389 355 2447 patum
386 2378 551 2444 judieii
587 2379 804 2445 opinione
838 2396 892 2424 ea
927 2395 1043 2443 quae
1078 2388 1149 2424 est
1184 2378 1229 2422 in
1266 2376 1475 2440 catalogo
1511 2377 1688 2423 ratione
1722 2378 1985 2441 argumenti
2020 2378 2107 2424 sibi
2150 2394 2481 2442 persuasurum
2510 2396 2618 2429 me

197 2462 402 2528 dixisset,
438 2462 496 2509 ad
530 2473 701 2509 certam
739 2462 865 2508 illam
902 2479 1055 2507 rerum
1081 2461 1390 2507 conditionem
1428 2460 1474 2505 in
1515 2460 1655 2507 lliade
1679 2462 1931 2526 expositam
1970 2479 2076 2507 eum
2113 2462 2363 2526 pertinere,
2398 2463 2618 2511 alterum·

196 2557 354 2594 utrum
398 2545 456 2593 de
501 2564 556 2593 eo
601 2542 892 2593 statuendum
942 2562 1040 2591 esse
1070 2542 1322 2603 contendit,
1358 2542 1618 2608 catalogum
1656 2554 1736 2590 aut
1771 2544 1828 2591 ab
1876 2544 2008 2591 initio
2044 2543 2202 2592 iliadis
2250 2556 2428 2610 partem
2474 2545 2618 2601 finisse

199 2659 261 2667 -
313 2628 370 2678 de
422 2628 620 2678 unitaria
671 2627 773 2693 ejus
825 2626 978 2676 indole
1028 2644 1081 2675 ac
1132 2625 1465 2693 compositione
1516 2626 1557 2674 ei
1610 2637 1790 2675 constat
1837 2656 1899 2662 —
1951 2638 2033 2676 aut
2066 2638 2226 2695 postea
2260 2638 2445 2677 nostrae
2481 2627 2617 2678 iliadi

195 2712 402 2780 additum
437 2729 554 2762 esse.
624 2713 696 2761 Re
729 2729 839 2760 vero
868 2728 959 2759 non
995 2710 1245 2775 dijudicata
1289 2710 1485 2758 crimina
1529 2721 1683 2758 tamen
1728 2729 1872 2778 quum
1919 2712 1978 2759 ab
2026 2712 2138 2779 ipsis
2181 2713 2399 2760 unitariis
2446 2724 2547 2761 tum
2590 2732 2618 2762 a

195 2797 454 2844 carminum
513 2796 809 2843 venatoribus
870 2795 1046 2862 prolata
1107 2794 1382 2841 labefactare
1441 2805 1636 2840 conatur
1696 2806 1832 2860 atque
1892 2795 2086 2842 diluere.
2160 2798 2414 2861 Postquam
2474 2798 2620 2862 igitur

195 2880 257 2929 0.
291 2879 604 2941 Muellerum,
651 2879 966 2939 Nitzschium,
1012 2880 1072 2925 A.
1109 2879 1453 2925 Mommsenum
1495 2878 1721 2926 refutasse
1761 2880 1848 2926 sibi
1892 2880 2020 2927 visus
2062 2891 2159 2939 est,
2209 2880 2432 2947 Kooehlyi
2478 2883 2618 2930 etiam

40 2980 50 2989 ⁸
97 2987 100 2990 ·
195 2967 419 3013 rationem
456 2965 665 3023 criticam
700 2982 947 3028 aggressus
983 2962 1167 3027 singula
1202 2961 1304 3026 ejus
1338 2962 1745 3027 interpolationum
1781 2981 1952 3027 genera
1988 2963 2301 3029 perlustravit.
2372 2965 2472 3013 Nec
2506 2984 2617 3013 vero

0 3066 8 3070 ·
51 3110 54 3111 7
104 3095 137 3105 ,,
195 3050 293 3113 ipse
325 3047 512 3114 quidem
548 3066 603 3096 eo
637 3037 855 3095 versinum
892 3046 1249 3094 Homericorum
1287 3058 1445 3092 amore
1480 3057 1658 3111 captus,
1694 3058 1746 3094 ut
1780 3046 1928 3094 ullum
1965 3058 2104 3112 neget
2140 3048 2409 3097 insiticium-
2429 3066 2616 3097 versum

116 3182 123 3187 ,
192 3131 410 3203 inveniri,
448 3149 538 3179 non
575 3148 745 3198 paucos
781 3141 934 3178 tamen
970 3145 1240 3195 persuasum
1277 3128 1364 3177 sibi
1401 3129 1539 3176 habet
1572 3147 1600 3177 a
1625 3129 1858 3196 Koechlyo
1894 3128 2157 3198 strophieae
2190 3149 2301 3180 suae
2331 3132 2448 3198 legis
2479 3149 2618 3181 causa

393 3291 440 3333 υ)
464 3282 508 3327 ει.
536 3291 580 3326 o.
605 3272 752 3326 mena
774 3293 807 3326 in
831 3292 911 3326 iam.
936 3291 985 3325 nt.
1015 3291 1030 3323 1
1052 3301 1087 3335 p.
1115 3294 1172 3325 9⁴.
1195 3308 1239 3317 -
1262 3290 1463 3334 Bmhardy
1483 3291 1535 3324 nt.
1560 3300 1671 3334 grue.
1697 3291 1777 3324 nin.
1802 3291 1820 3324 1
1842 3302 1877 3335 p.
1907 3295 1981 3328 ιιι.
2005 3309 2050 3317 -
2068 3290 2120 3335 ³⁸)
2143 3292 2186 3327 ef.
2211 3293 2410 3337 snm,
2432 3295 2467 3327 ι.-
2484 3303 2515 3326 e.
