2804 3458
1234 94 1298 105 ...
1353 67 1385 115 3
1438 94 1507 104 ..-

148 204 324 269 ejectos
347 219 466 257 esee.
527 201 776 268 Ejiasmodi
812 202 901 251 loci
925 213 1035 250 aunt
1058 217 1218 248 verens
1241 201 1359 260 5¹4,
1384 200 1671 260 557-558,
1695 201 1815 260 629,
1837 200 1958 259 ⁸34,
1981 200 2270 260 exto-«651,
2293 194 2590 260 oso-eu,

148 286 459 348 700-702,-
475 285 763 346 707-709,
800 285 1083 334 723-725.
1156 284 1210 331 Ιιι
1244 283 1349 331 aliis
1384 284 1738 350 interpolatione
1772 284 1930 349 ⁸3⁸3st
1963 300 2056 330 m
2090 283 2261 349 ΡΜ
2275 300 2389 330 nm
2400 298 2583 350 W
2644 303 2648 308 ι

148 370 323 418 aiorem
360 369 551 418 reddere
586 369 807 435 Koechlyi
843 369 1125 434 opinionem.
1196 367 1304 413 Jam
1341 367 1465 414 enim
1502 367 1664 414 deletis
1698 367 2299 427 549-—551,553-555
2329 366 2584 436 »beffiae

148 467 373 501 versuum
407 452 467 500 de
499 451 863 501 Atheniensibus
896 450 1063 497 emicat
1097 449 1238 510 rati03
1276 449 1446 515 quibus
1480 451 1520 497 si
1556 451 1660 515 quis
1690 467 1852 497 versus
1882 449 2151 497 686—690
2184 449 2412 515 strophae-
2433 449 2581 502 ιώ

152 546 253 584 tnm
279 536 479 588 serentes
512 534 755 594 addiderit,
790 551 879 580 non
904 532 1259 597 vituperabitur,
1294 550 1439 597 quum
1463 532 1834 579 Baeumleinium
1860 544 2096 598 appareat,
2123 549 2287 580 versus
2310 520 2580 580 6914an

154 635 247 666 aen
299 617 651 675 defendentem,
705 634 783 664 eos
831 617 909 681 qui
962 614 1240 661 antecedunt
1293 623 1344 661 ut
1398 616 1624 661 unitariae
1669 614 1826 661 iliadis
1872 615 2092 662 asseclam
2139 615 2306 679 ejicere
2350 614 2581 667 nolui-am}

153 702 402 767 Stmphice
447 702 592 765 igitur
647 700 770 746 illam
819 699 875 744 de
911 698 1092 744 Achille
1134 698 1598 764 Myrmidonibusque
1654 698 1925 763 particulam
1983 699 2206 745 babemus
2252 699 2574 764 compositam.

157 784 284 831 idem
321 784 375 831 flt
410 785 456 829 in
494 784 568 842 iis,
603 801 719 849 quae
754 782 810 828 de
844 782 1008 828 Locris
1044 781 1281 846 leguntur.
1355 781 1518 846 Neque
1560 781 1683 827 enim
1723 781 1889 827 nimiae
1924 781 2142 829 audaciae
2175 782 2291 841 erit,
2341 781 2580 829 exsti-etia

154 867 365 915 versibus
402 867 668 914 528-530
702 864 868 912 addere
901 883 946 911 v.
977 863 1179 923 53525),
1215 865 1294 929 qui
1320 875 1602 929 quantopere
1628 863 1845 929 langueat
1868 876 1914 911 et
1937 865 2262 912 usitatissimae
2284 863 2574 929 singularum

157 951 358 1016 partium
396 949 679 996 conclusioni
719 958 962 1012 repugnet,
999 949 1103 1012 quis
1138 958 1207 994 est
1242 948 1353 1012 quin
1390 946 1589 993 sentiat?
1661 947 1881 1011 Ejusdem
1920 948 2015 995 fere
2052 947 2175 997 modi
2211 946 2574 999 additamentum

154 1050 258 1080 auo·
268 1033 378 1095 jure
405 1032 610 1096 'Koechly
646 1032 691 1077 in
728 1048 864 1077 versu
889 1032 986 1076 614
1024 1031 1178 1095 posuit
1195 1030 1279 1091 ²⁶).
1355 1030 1415 1076 Ut
1446 1030 1647 1076 breviter
1682 1030 1849 1089 dicam,
1886 1031 2076 1077 omnino
2112 1032 2163 1090 ii,
2200 1047 2315 1095 qnos
2351 1030 2576 1077 insiticios

147 1116 378 1179 Judicavit
424 1115 652 1179 Koechly,
710 1114 796 1159 loci
841 1114 905 1159 ita
947 1124 1056 1160 suut
1101 1113 1381 1177 comparati,
1440 1124 1491 1158 ut
1536 1123 1634 1158 arta
1685 1113 1740 1158 iis
1786 1113 1954 1160 ducum
2002 1114 2246 1159 nrbiumve
2288 1112 2575 1182 euumenatip

155 1198 494 1264 aliquantulum
530 1208 802 1258 exornetur3
835 1214 951 1262 quae
975 1196 1160 1261 quidem
1197 1207 1468 1242 ornamenta
1503 1195 1616 1242 adeo
1649 1214 1675 1242 a
1711 1195 1905 1261 catalogi
1947 1197 2124 1243 ratione
2147 1196 2395 1242 abhorrere
2429 1206 2576 1261 putat,

159 1292 208 1330 ut
242 1281 315 1330 vel
350 1299 510 1329 versus
540 1280 806 1328 742—746
842 1292 888 1328 et
924 1291 973 1328 ut
1008 1297 1147 1345 supra
1175 1280 1276 1344 jam
1301 1278 1393 1326 dixi
1419 1280 1685 1327 686-690
1721 1279 2014 1345 stropharum
2039 1279 2360 1346 compositioni
2387 1278 2575 1327 idoneos

157 1383 249 1412 non
286 1365 463 1412 dubitet
498 1366 663 1429 ejicere
681 1364 764 1428 ²⁷).
839 1366 910 1411 De
946 1364 1268 1429 geographicis
1304 1381 1420 1429 quae
1449 1363 1666 1410 dicuntur
1702 1364 2132 1430 interpolationibus
2169 1382 2259 1411 non
2298 1365 2405 1411 item
2441 1361 2577 1430 plana

156 1460 201 1496 et
238 1449 477 1514 perspicua
511 1449 667 1495 omnia
703 1467 802 1496 esse
839 1465 929 1494 non
967 1448 1199 1512 ignoravit
1236 1448 1331 1512 ipse
1357 1448 1579 1512 Koechly,
1619 1447 1832 1494 ultimum
1860 1448 1915 1494 de
1951 1448 2022 1495 his
2050 1448 2281 1513 judicium
2320 1466 2411 1495 non
2442 1448 2578 1495 aliter

156 1532 446 1598 pronuntiari
495 1550 626 1598 posse
675 1532 911 1580 coufessus
929 1529 995 1593 ²⁸)
1046 1531 1133 1578 nisi
1181 1531 1521 1579 obscurissimis
1567 1531 1913 1597 antiquissimae
1955 1532 2265 1598 geographiae
2311 1532 2576 1580 nominibus
2633 1540 2639 1544 ⁷

111 1610 503 1681 -'r'ationibusque
555 1615 859 1681 pertractatis.
950 1615 1043 1661 Via
1091 1615 1236 1679 igitur
1284 1632 1336 1661 ac
1392 1615 1568 1661 ratione
1615 1614 1823 1661 videmus
1871 1615 2154 1681 Roecblyum
2202 1616 2248 1662 in
2295 1614 2576 1663 restituenda
2621 1646 2625 1651 -

154 1700 359 1764 genuina
391 1699 589 1761 catalogi
628 1700 775 1744 forma
800 1699 950 1762 egisse
975 1699 1177 1762 virisque
1214 1699 1259 1743 in
1298 1699 1462 1743 litteris
1486 1699 1832 1762 spectatissimis
1858 1698 1913 1744 de
1939 1716 2020 1745 sua
2046 1700 2269 1745 sententia
2297 1700 2577 1764 persuasisse

158 1783 389 1829 novimus.
474 1782 749 1846 Bernhardy
794 1783 916 1827 enim
962 1782 1068 1826 huic
1115 1782 1373 1845 strophicae
1418 1782 1507 1843 legi
1554 1783 1599 1826 in
1648 1780 1891 1827 Hesiodeis
1946 1783 2227 1828 carminibus
2273 1800 2363 1828 non
2414 1800 2575 1847 parum

155 1864 422 1911 adversatus
457 1865 502 1910 in
540 1864 737 1918 Homeri
775 1863 985 1929 catalogo
1028 1863 1245 1929 Koechlyi
1283 1882 1398 1929 opus
1435 1864 1679 1910 maximam
1721 1875 1894 1929 partem
1943 1864 2063 1911 bono
2108 1883 2212 1911 cum
2260 1882 2473 1912 successu
2519 1863 2577 1911 ad

155 1947 293 1995 finem
332 1948 602 2014 perductum
641 1966 741 1995 esse
777 1947 987 1995 concedit
1004 1945 1069 2011 ²⁹)
1110 1966 1256 2012 neque
1292 1947 1574 1994 Boeckhium
1615 1948 1659 1994 iu
1695 1946 1865 1994 scholis
1902 1948 1957 1995 de
1993 1947 2275 1996 Graecarum
2319 1948 2576 1995 litterarum

156 2031 348 2078 historia
396 2049 543 2097 neque
579 2032 837 2096 Hauptium
885 2042 1046 2077 eontra
1081 2030 1248 2076 dixisse
1285 2042 1409 2077 certo
1455 2032 1565 2077 scio.
1640 2030 1876 2077 Audacior
1918 2049 2027 2078 vero
2075 2032 2172 2097 ipso
2209 2030 2442 2096 Koechlyo
2491 2031 2580 2078 fuit

157 2116 475 2174 Duentzerus,
514 2116 592 2180 qui
627 2115 751 2162 illius
788 2115 1156 2161 dissertationem
1197 2116 1241 2160 in
1286 2115 1428 2165 Jahn.
1464 2114 1617 2161 annal.
1672 2115 1799 2160 1855
1836 2132 1880 2179 p.
1920 2117 2091 2162 415⁴-
2110 2117 2202 2162 421
2255 2126 2300 2162 et
2334 2114 2578 2162 emendare

156 2209 201 2245 et
235 2198 460 2245 conficere
495 2198 688 2245 studuit.
760 2198 1041 2245 Mommscni
1078 2216 1215 2263 quam
1244 2199 1343 2261 jam
1391 2198 1748 2244 commemoravi
1797 2199 2071 2245 senteutiam
2118 2198 2404 2245 verissimam
2451 2208 2580 2244 ratus

156 2291 302 2329 totum
341 2281 472 2329 illum
509 2281 565 2329 de
602 2281 921 2340 Cretensibus,
959 2280 1172 2340 Rhodiis,
1210 2281 1419 2346 Symaeis
1456 2281 1710 2347 ceterisque
1748 2280 1971 2328 insulanis
2009 2281 2162 2329 locum
2199 2281 2396 2329 removit
2429 2280 2492 2328 ita
2529 2291 2581 2328 ut

157 2374 287 2430 poeta
332 2364 389 2412 ab
435 2364 614 2431 Ulyssis
675 2364 821 2430 patria
866 2374 1046 2411 servato
1101 2381 1236 2430 quem
1294 2365 1492 2412 instituit
1548 2364 1710 2411 ordine
1754 2364 1811 2411 ad
1859 2348 2073 2413 diversas
2105 2364 2373 2413 Thessaliae
2417 2375 2579 2430 gentes
2651 2358 2654 2361 ⁴

155 2448 537 2510 transgrediatur.
608 2450 765 2495 Etiam
802 2448 907 2494 illos
944 2448 999 2493 de
1033 2448 1314 2512 Thamyride
1351 2465 1536 2507 versus,
1584 2466 1699 2513 quos
1736 2448 2008 2513 Bernhardy
2048 2449 2173 2496 solos
2207 2466 2313 2496 cum
2347 2448 2578 2514 strophiea

154 2530 349 2595 catalogi
406 2533 739 2597 compositione
799 2549 1006 2596 pugnare
1064 2531 1240 2578 dixerat
1300 2560 1360 2567 —
1422 2532 1624 2595 Koechly
1677 2533 1799 2578 enim
1854 2532 2066 2579 consulto
2120 2544 2250 2598 putat
2298 2529 2580 2584 Μουσάων

160 2613 486 2679 θεράποντα
522 2615 810 2679 genealogici
848 2615 1067 2661 carminis
1101 2614 1249 2677 legem
1287 2614 1510 2678 migrasse
1544 2631 1598 2659 eo
1634 2614 1756 2679 quod
1793 2616 2192 2662 enumerationum
2237 2615 2577 2680 simplicitatem

156 2696 499 2761 interrupturus
534 2708 632 2744 erat
669 2697 931 2744 narratione
978 2696 1033 2743 de
1074 2697 1204 2760 justa
1252 2696 1494 2743 numinum
1543 2696 1728 2743 illorum
1777 2696 1844 2743 ira
1888 2697 2042 2763 impiis
2089 2697 2342 2763 perniciosa
2396 2724 2455 2733 —·
2495 2696 2581 2745 bos

154 2779 291 2825 etiam
333 2780 625 2826 Duentzerus
662 2780 798 2844 ejecit
822 2798 927 2826 cum
966 2779 1252 2826 antecedenti
1280 2797 1434 2837 versu,
1472 2779 1530 2825 ob
1555 2797 1655 2825 eam
1682 2797 1865 2826 causam
1903 2781 2161 2845 suspicatus
2198 2780 2279 2827 hos
2315 2780 2581 2844 interjectos

155 2879 278 2920 esse,
328 2873 378 2907 ut
433 2863 559 2909 urbis
615 2864 855 2926 cujusdam
909 2864 1221 2909 Messe-niueae
1270 2863 1442 2909 mentio
1495 2862 1641 2908 fieret.
1745 2864 1905 2928 Neque
1957 2875 2107 2910 cetera
2163 2865 2328 2910 intacta
2376 2863 2579 2928 reliquit,

156 2945 386 2991 interdum
434 2947 531 3011 ipsa
579 2948 754 2994 ratione
798 2948 1031 3012 strophica
1092 2964 1202 2993 usus
1256 2964 1393 2993 causa
1440 2964 1656 2993 versuum
1701 2947 2017 2994 delendorum.
2103 2949 2260 3014 ltaque
2306 2948 2444 2994 missa
2478 2948 2578 3010 jam

158 3028 379 3076 faciamus
414 3030 516 3095 ejus
552 3030 608 3077 de
644 3030 967 3078 additamentis
1003 3040 1279 3096 argumenta
1314 3041 1359 3077 et
1394 3029 1650 3091 videamus,
1687 3048 1803 3097 quae
1840 3030 1950 3078 haec
1987 3021 2102 3079 ratio
2137 3049 2235 3078 esse
2270 3031 2465 3078 dicatur.

357 3162 402 3203 ²⁸)
428 3164 609 3196 Praeterea
641 3164 710 3196 vid.
739 3164 833 3196 Koec
835 3164 880 3198 hl.
905 3165 955 3196 dis
978 3166 1054 3197 ,ed
1078 3174 1154 3227 geu.
1179 3170 1244 3196 cat.
1272 3163 1306 3197 fo
1286 3175 1381 3197 carm
1410 3175 1443 3207 p
1477 3167 1527 3197 18.
1563 3182 1605 3189 -
1638 3164 1730 3205 ⁸⁶)l.
1756 3165 1779 3197 Ι.
1805 3176 1836 3208 p.
1863 3169 1918 3199 23
1952 3183 1997 3189 —
2028 3165 2074 3206 ²⁷)
2109 3166 2249 3198 Prorsus
2283 3165 2351 3197 aial
2383 3174 2435 3196 rea
2467 3169 2518 3196 eet
2547 3164 2582 3195 in

151 3218 301 3249 versibus
319 3221 395 3255 557,
420 3221 497 3256 5⁵8,
521 3219 578 3259 qui
601 3222 680 3250 enat
696 3220 738 3250 de
754 3219 841 3259 Ajae
884 3224 916 3250 et
933 3219 1085 3251 Salamin
1137 3219 1455 3260 3deqaibusmiih
1481 3220 1580 3251 liceat
1603 3220 1647 3251 ad
1666 3219 1741 3251 Koe
1722 3219 1873 3261 eeihlyu
1874 3220 2020 3251 enitenthx
1999 3230 2055 3251 am
2070 3229 2149 3252 reve
2128 3229 2237 3252 necat
2256 3235 2295 3242 —
2314 3219 2355 3258 ²⁸)
2378 3217 2421 3251 cf.
2437 3218 2584 3252 Koechl.

150 3271 193 3307 de
218 3271 258 3306 11.
284 3272 367 3307 diu.
395 3271 448 3306 111
471 3283 505 3317 p.
533 3275 588 3307 24.
618 3292 657 3299 -—-
683 3272 729 3314 ι9)
754 3273 952 3317 Bernhardy
975 3274 1023 3309 li.t
1047 3229 1201 3313 hiilt.11‚
1230 3276 1359 3314 1,·181
