2804 3458
1239 101 1512 144 —10—

157 231 469 298 collectasque
506 233 671 280 litteris
707 233 964 298 insignivit.
1039 232 1177 294 Quod
1214 233 1251 278 si
1289 230 1588 296 stropharum*
1621 231 1684 278 ibi
1721 230 2025 278 iudicatarum
2062 225 2285 278 rationem
2310 241 2591 297 spectamus,

160 325 344 364 tantum
381 316 527 376 abest,
567 327 617 363 ut
654 334 792 363 unam
824 315 1106 380 eandemque
1142 315 1378 380 stropham
1413 314 1653 362 videamus
1678 332 1760 380 per
1793 310 1939 361 totum
1976 330 2162 361 carmen
2199 331 2345 379 usque
2380 314 2591 374 iteratam

158 418 283 458 esse,
322 412 373 446 ut
407 400 641 459 binariae,
678 401 930 458 ternariae,
961 400 1305 463 quaternariae,
1349 399 1420 445 vel
1461 399 1661 463 plurium
1709 416 1924 445 versuum
1969 397 2184 462 strophae
2219 398 2341 445 inter
2372 416 2422 446 se
2457 388 2595 463 alter-

159 493 295 540 nent,
334 483 397 529 ita
431 482 637 547 quidem,
675 494 725 529 ut
760 483 805 528 in
842 482 954 528 loeis
999 481 1164 527 similis
1211 493 1291 528 aut
1335 482 1552 528 contrarii
1600 481 1860 544 argumenti
1907 480 2064 528 eadem
2113 480 2206 527 l'ere
2249 480 2311 527 sit
2354 491 2591 546 usurpata.

168 563 352 612 Deinde
390 576 441 613 ut
476 584 559 630 pro
597 564 741 613 nihilo
776 563 1041 623 habeamuS,
1078 563 1201 629 quod
1240 564 1415 629 passim·
1445 563 1617 629 singuli
1648 562 1859 630 pluresve
1893 580 2054 611 versus
2089 573 2244 611 carent
2280 562 2595 629 responsionis.

165 644 508 712 aequabilitate,
546 647 658 694 illud
698 647 845 712 primo
880 645 1095 710 adspectu
1134 663 1225 692 non
1264 647 1516 711 poterimus
1554 663 1644 692 non
1683 646 1865 705 mirari,
1911 644 2034 710 quod
2078 645 2355 709 pernimium
2403 646 2596 697 interest

167 729 289 776 inter
324 730 508 794 singula
555 731 785 788 carmina,
819 746 1055 794 „quorum
1093 730 1354 794 antiquiora
1389 729 1573 794 quidem
1612 730 1911 793 brevioraque
1958 739 2038 774 aut
2081 739 2176 774 tota
2221 739 2301 775 aut
2344 728 2591 776 maximam

168 823 345 877 partem
370 815 658 878 apertissime
683 812 882 878 produnt
905 813 1285 876 compositionem
1313 813 1611 876 strophicam,
1637 830 1752 876 quae
1779 814 1823 857 in
1860 811 2189 857 recentioribus
2214 811 2594 877 longioribusque

167 896 231 940 ita
266 897 522 954 evanescit,
560 907 610 941 ut
645 896 891 959 perexigua
928 905 1104 940 tantum
1153 896 1196 939 in
1246 895 1458 939 formulis
1505 895 1598 940 fere
1638 896 1892 959 antiquitus
1929 895 2117 940 retentis
2156 895 2214 939 ab
2257 894 2413 940 insciis
2447 895 2593 959 poetis

170 976 328 1025 relicta
359 978 603 1026 videantur
635 978 866 1041 vestigia“
884 975 965 1040 ⁸³).
1039 979 1242 1024 Auctore
1279 977 1439 1041 igitur,
1476 977 1514 1024 si
1551 977 1660 1042 quid
1686 977 1836 1036 video,
1873 988 1918 1024 et
1952 976 2067 1024 duce
2102 977 2186 1024 hac
2220 976 2451 1042 strophica
2487 964 2595 1026 doc-

170 1061 291 1108 trina
327 1079 676 1126 cognoscemus,
712 1061 789 1127 qui
828 1060 932 1108 libri
969 1060 1251 1126 antiquiores
1287 1061 1457 1126 quique
1499 1062 1775 1108 recentiores
1821 1080 1847 1108 a
1880 1059 2114 1125 Koechlyo
2160 1060 2302 1108 habiti
2347 1060 2456 1112 sint.
2532 1061 2596 1110 Ut

170 1145 257 1190 hoc
282 1145 538 1210 paullulum
564 1162 746 1209 sequar,
783 1145 1148 1209 antiquissimam
1179 1144 1334 1190 lliadis
1361 1156 1534 1208 partem
1566 1163 1669 1191 cum
1707 1145 1914 1191 omnium
1941 1145 2109 1209 opinor
2136 1161 2362 1213 consensu
2391 1145 2594 1193 censebit

169 1228 394 1273 contineri
434 1229 594 1293 primis
628 1228 776 1286 libris,
813 1228 983 1293 quippe
1020 1229 1064 1273 in
1103 1227 1270 1292 quihus
1306 1229 1382 1273 vix
1416 1228 1537 1274 ullus
1574 1229 1831 1293 reperiatur
1865 1245 2042 1288 versus,
2079 1228 2189 1292 quin
2226 1227 2284 1273 ad
2313 1227 2591 1292 strophicam

168 1326 216 1356 se
252 1311 518 1357 accomodet
552 1311 805 1371 rationem3
843 1310 922 1357 illa
953 1329 1062 1357 vero
1094 1311 1315 1371 carmina,
1352 1328 1468 1376 quae
1496 1312 1680 1357 nomine
1704 1310 2113 1369 Teichomachiae,
2159 1310 2592 1375 Epinausimaehae,

172 1393 436 1439 Patrocleae
473 1394 807 1450 inscribuntur,
838 1393 1051 1458 judicare
1087 1394 1269 1440 debebit
1303 1394 1568 1458 posterioris
1605 1394 1799 1458 originis
1836 1411 1951 1453 esse,
1989 1411 2131 1458 quum
2169 1410 2271 1438 rara
2316 1393 2362 1438 in
2399 1393 2456 1440 iis
2491 1410 2595 1459 pro·

171 1477 319 1540 posita
355 1477 448 1522 sint
482 1477 775 1541 stropharum
814 1478 1000 1536 indicia,
1039 1478 1213 1522 rariora
1241 1479 1341 1540 jam
1380 1478 1457 1522 illa
1495 1478 1599 1522 inde
1635 1477 1691 1522 ab
1729 1495 1850 1522 nono
1886 1478 1986 1539 ejus
2019 1477 2237 1522 carmine.
2310 1477 2472 1541 Neque
2508 1477 2593 1522 hoc

169 1558 354 1623 quidem
392 1559 582 1604 omnino
620 1559 849 1623 improbo,
887 1570 932 1605 at
967 1559 1106 1605 distat
1141 1561 1250 1605 haec
1289 1578 1449 1605 norma
1486 1578 1537 1605 ac
1574 1561 1689 1605 ratio
1725 1560 1967 1623 aliquoties
2003 1560 2060 1605 ab
2095 1559 2290 1605 aliorum
2327 1559 2593 1605 criticorum

118 1657 121 1660 ·
168 1641 413 1698 sententia,
450 1658 567 1705 quae
605 1641 741 1704 longe
778 1641 868 1687 alio
915 1642 1078 1687 nititur
1122 1642 1420 1687 fundamento
1467 1660 1549 1687 nec
1597 1642 1691 1687 scio
1737 1659 1793 1687 an
1840 1641 2089 1688 stabiliore.
2173 1641 2332 1701 Quum
2378 1641 2592 1687 ultimum

168 1723 292 1769 enim
332 1722 489 1769 iliadis
526 1723 695 1769 librum
734 1723 938 1789 Koechly
972 1742 1101 1770 suam
1138 1725 1417 1790 stropbicam
1454 1735 1597 1770 artem
1637 1724 1998 1770 luculentissime
2030 1742 2138 1790 prae
2170 1742 2217 1770 se
2247 1724 2364 1770 ferre
2399 1723 2593 1784 videret,

168 1805 291 1853 hunc
335 1805 439 1852 aliis
479 1806 710 1870 judicavit
755 1806 901 1853 multo
948 1807 1271 1868 vetustiorem3
1320 1825 1347 1853 a
1399 1826 1486 1873 qua
1534 1808 1749 1873 opinione
1794 1818 2015 1872 quantum
2061 1807 2387 1853 Lachmannus
2405 1805 2470 1869 ³⁴)
2514 1806 2592 1853 alii

169 1888 455 1955 discrepent,
493 1906 629 1935 nemo
663 1907 753 1935 non
807 1901 1093 1955 compertum
1141 1890 1276 1937 habet
1311 1891 1666 1937 Homericarum
1722 1890 2041 1955 quaestionum
2096 1890 2335 1937 elementis
2388 1889 2594 1937 imbutus

167 1973 450 2038 eandemque
484 1973 531 2019 in
569 1990 641 2032 eo,
676 1973 749 2020 cui
775 1973 1015 2020 Diomedis
1040 1973 1286 2039 ἀριστεία
1324 1991 1490 2021 nomen
1527 1985 1613 2033 est,
1649 1975 1851 2021 carmine
1879 1974 2034 2021 videre
2053 1974 2165 2020 mihi
2192 1972 2353 2020 videor
2378 1973 2595 2020 exsistere

168 2058 527 2102 controversiam
547 2054 632 2114 ³⁶).
707 2057 796 2102 His
820 2073 930 2102 vero
956 2057 1092 2102 rebus
1116 2057 1266 2102 obiter
1301 2058 1488 2102 monitis
1523 2057 1579 2102 ad
1610 2058 1754 2122 ipsam
1794 2056 1932 2120 hujus
1960 2057 2218 2121 strophicae
2247 2057 2594 2122 compositionis
2664 2107 2667 2109 ,

171 2139 397 2188 rationem
433 2139 722 2197 accedamus,
759 2157 897 2204 quam
935 2140 1140 2204 Koechly
1175 2139 1231 2185 ad
1269 2151 1447 2186 sextum
1484 2141 1822 2205 septimumque
1866 2158 1975 2185 suae
2013 2157 2178 2204 parvae
2217 2139 2373 2186 iliadis
2408 2156 2592 2186 carmen
2622 2147 2629 2149 ’

167 2239 259 2268 non
296 2222 607 2287 pertractavit,
644 2221 724 2269 sed
759 2222 960 2269 breviter
995 2221 1213 2269 iudicavit
1229 2220 1310 2285 ³⁰).
1382 2223 1666 2282 „Neminem
1702 2223 1863 2269 enim“
1897 2223 1962 2270 ait
1996 2223 2145 2282 „recti
2171 2221 2339 2286 judieii
2363 2222 2594 2270 existima·

165 2313 322 2350 turum
358 2319 458 2350 esse
492 2321 600 2351 casu
638 2304 836 2365 sactum,
873 2304 996 2370 quod
1033 2305 1077 2350 in
1115 2315 1242 2351 sexto
1279 2306 1481 2351 carmine
1528 2322 1617 2352 non
1667 2305 1820 2351 minus
1865 2316 2063 2371 quatuor
2105 2322 2291 2372 precum
2335 2304 2393 2351 ad
2425 2305 2592 2358 Jovem

172 2386 393 2432 factarum
434 2386 659 2434 formulae
695 2389 930 2452 quaternis
965 2388 1174 2434 versibus
1210 2387 1471 2434 decurrant.
1545 2388 1845 2453 Eandemque
1880 2389 2226 2453 compositionis
2262 2389 2412 2452 legem
2448 2404 2591 2453 quum

167 2469 404 2516 videamus
441 2487 531 2516 non
571 2470 721 2516 solum
761 2471 806 2516 in
849 2471 1012 2517 ceteris
1057 2470 1342 2517 orationibus
1389 2470 1562 2530 redire,
1608 2471 1686 2517 sed
1732 2471 1777 2516 in
1825 2473 2140 2518 narrationum
2188 2472 2325 2518 etiam
2371 2471 2592 2520 continuo

168 2563 325 2599 tenore
361 2553 543 2618 saepius
579 2553 869 2601 observatam
905 2571 1043 2619 quam
1081 2553 1336 2618 neglectam
1374 2572 1491 2612 esse,
1528 2572 1632 2601 eum
1670 2555 1749 2620 qui
1785 2555 1896 2602 haec
1930 2555 2162 2621 strophica
2203 2554 2410 2620 exempla
2445 2554 2591 2601 inscio

163 2645 300 2700 atque
337 2635 480 2682 invito
518 2646 677 2701 poetae
712 2634 933 2683 excidisse
970 2637 1214 2701 putaverit,
1251 2654 1349 2682 rem
1376 2635 1521 2683 multo
1547 2636 1967 2702 improbabiliorem
2004 2637 2090 2685 sibi
2117 2635 2391 2703 persuadere
2424 2635 2589 2698 videri,

166 2735 304 2783 quam
342 2718 380 2764 si
418 2718 520 2783 quis
556 2729 729 2766 ceteras
776 2718 913 2766 etiam
962 2718 1181 2765 carminis
1226 2729 1378 2783 partes
1422 2719 1467 2765 in
1505 2718 1685 2766 easdem
1730 2720 2021 2786 stropharum
2070 2719 2241 2768 formas
2287 2719 2591 2770 restituendas

167 2817 266 2846 esse
302 2800 566 2847 arbitretur.
638 2801 801 2865 Neque
838 2803 991 2848 minus
1037 2812 1161 2847 certa
1204 2819 1287 2847 nos
1330 2802 1648 2848 observatione
1692 2803 1956 2862 admoneri,
2004 2815 2055 2850 ut
2094 2804 2305 2868 strophas
2350 2814 2588 2851 ternorum

166 2883 304 2930 etiam
341 2899 559 2930 versuum
587 2884 840 2929 sententiae
866 2900 1099 2948 nexusque
1119 2884 1293 2931 unitate
1330 2884 1673 2933 cohaerentium
1698 2889 2009 2951 statuamus‘f.
2083 2887 2226 2947 Est03
2264 2886 2344 2933 sed
2368 2903 2485 2951 quae
2519 2896 2593 2933 est
2649 2948 2652 2950 ‚

164 2982 323 3011 earum
371 2964 523 3010 ratio?
590 2964 664 3010 Ad
702 2964 813 3011 haec
838 2965 1069 3031 Koechly:
1110 2967 1301 3032 „ipsius
1338 2978 1526 3013 naturae
1563 2968 1820 3014 instinctu“
1858 2968 2023 3036 inquit,
2061 2981 2256 3036 „poetas
2291 2969 2586 3029 Homericos,
2615 3005 2629 3016 ,

163 3049 241 3113 qui
279 3049 483 3094 carmina
522 3064 612 3094 non
651 3048 909 3113 legentibus
944 3049 1197 3096 scriberent
1241 3049 1321 3095 sed
1364 3050 1654 3097 audientibus
1703 3052 1932 3099 recitanda
1978 3063 2307 3120 componerent
2348 3063 2396 3098 et
2441 3052 2586 3101 solius

363 3209 408 3249 ³³)
434 3209 500 3242 vid.
525 3209 691 3251 Koechlyi
713 3209 817 3251 praef.
843 3211 886 3241 ad
908 3221 1001 3252 parv.
1022 3211 1118 3244 Iliad.
1142 3222 1175 3252 p.
1200 3211 1244 3244 X.
1262 3229 1306 3235 —
1323 3211 1368 3252 8θ)
1393 3212 1457 3246 vid.
1482 3212 1622 3246 Lachm.
1646 3214 1774 3245 observ.
1797 3215 1841 3245 ad
1864 3213 1959 3245 Iliad.
1982 3225 2014 3255 p.
2033 3216 2087 3246 84.
2105 3217 2158 3246 85.
2183 3214 2390 3255 Liesessang:
2419 3213 2585 3247 din-mat.

63 3283 118 3395 N
155 3269 396 3307 programmat.
424 3264 604 3307 Duisburg.
629 3274 717 3297 anno
746 3266 1023 3308 1862·praemiss.
1047 3277 1079 3308 p.
1104 3269 1135 3301 5.
1162 3285 1202 3290 ->
1228 3266 1273 3309 ³⁵)
1298 3267 1464 3311 Hauptius
1487 3268 1522 3301 in
1545 3268 1705 3304 additam.
1737 3270 1780 3302 ad
1807 3268 1947 3303 Lachm.
1974 3268 2105 3303 observ.
2128 3279 2161 3311 p.
2190 3271 2263 3303 106.
2285 3285 2326 3293 —
2349 3267 2396 3312 ⁸⁸)
2419 3267 2588 3312 Koechlyi

157 3320 238 3352 diss.
263 3321 305 3351 de
329 3320 419 3352 Hom
455 3320 495 3351 11.
522 3320 584 3352 lv.
609 3330 640 3362 p.
670 3324 720 3351 1⁵.

118 3407 127 3458 'J
