2804 3458
1264 92 1533 138 -6-

389 226 624 275 Omnibus
667 226 814 291 igitur
854 226 925 274 his
970 224 1081 273 viris
1118 222 1398 271 doctissimis
1438 222 1511 271 de
1540 222 1775 290 strophica
1820 220 2041 290 epicedii
2041 162 2415 287 compo-ifle&
2417 220 2662 281 a*

183 299 520 392 aliorumque,
533 310 611 375 qui
637 309 788 358 adhue
812 309 1034 369 tulerunt,
1052 304 1305 372 judicia¹⁵)
1343 324 1428 354 nos
1451 305 1784 373 perlustrantes
1807 304 2168 373 comprobatam
2175 320 2204 351 a
2225 293 2613 372 compfuffl

184 408 212 439 a
259 393 443 440 nemine
486 392 598 440 dum
645 393 961 457 impugnatam
999 390 1207 437 videmus
1255 389 1381 437 illam
1427 389 1718 436 sententiam.
1797 388 1925 450 Quid
1967 387 2090 453 qnod
2122 385 2553 437 Frisii-eaden&
2557 388 2627 450 in.

185 476 457 522 recensione
495 475 778 539 Koechlyani
818 474 957 520 libelli
997 473 1256 531 neminem,
1299 474 1377 537 qui
1415 472 1557 520 semel
1593 473 1649 519 de
1684 472 1769 519 h'ae
1805 489 1853 518 re
1897 469 2160 518 admonitus
2205 467 2371 529 fuerit,
2397 460 2630 539 unffi„

184 550 297 605 dicit
332 557 649 606 dubitaturum
686 576 800 606 esse.

391 652 485 700 Sed
520 663 697 699 tantum
736 651 879 710 abest,
918 661 968 696 ut
1001 649 1313 715 Westphalus
1360 660 1406 696 et
1442 620 1716 697 Leutschius
1751 646 2085 713 generaliorem
2124 646 2225 709 jam
2272 647 2423 711 poesis
2455 646 2611 715 spicae
2667 634 2675 637 ’

185 734 442 783 concedant
477 734 855 800 compositionem
903 733 1210 799 strophicam,
1260 743 1311 780 ut
1344 731 1651 797 VVestphalus
1695 730 1829 796 plane
1875 739 2122 796 aperteque
2155 727 2278 775 dicat
2319 746 2420 777 eam
2466 731 2610 798 epicis
2675 779 2680 784 ,

185 808 471 866 carminibus
518 834 615 865 esse
658 815 1008 880 abjudicandam
1037 815 1095 879 ιθ)
1140 826 1186 861 et
1227 816 1503 862 Leutschius
1549 831 1678 861 suam
1728 814 1783 859 de
1828 812 2034 879 epicedio
2074 811 2155 858 illo
2192 813 2611 877 propositamsen-

184 902 376 948 tentiam
412 902 470 948 ab
505 901 701 947 aliorum
733 899 1054 964 disquisitione
1090 900 1382 964 stropharum
1421 898 1777 944 Homericarum
1814 896 1981 943 diserte
2012 895 2226 942 defendat
2249 893 2325 959 ¹⁷).

392 980 498 1041 Duo
534 997 656 1041 enim
694 1005 928 1060 praeterea
960 994 1159 1040 indicata
1194 1010 1291 1039 esse
1336 992 1427 1039 dixi
1473 992 1732 1057 strophicae
1777 991 2123 1057 compositionis
2167 1010 2365 1056 genera,
2409 1009 2606 1057 quorum
2662 1010 2665 1013 ·

186 1075 404 1138 alterum,
443 1089 493 1124 ut
527 1079 679 1124 statim
719 1088 843 1123 recto
868 1078 1009 1123 verbo
1046 1077 1262 1135 indicem,
1299 1076 1584 1122 Achivorum
1622 1076 1849 1139 catalogo,
1886 1075 2082 1121 alterum
2113 1075 2302 1141 reliquis
2326 1065 2608 1133 carminibus

184 1161 460 1208 vindicatur.
537 1162 598 1206 Et
632 1172 793 1206 auctor
825 1160 1009 1226 quidem
1049 1172 1093 1205 et
1128 1160 1324 1225 signifer
1358 1160 1497 1222 hujus
1532 1160 1764 1224 opinionis
1799 1159 1973 1204 exstitit
2006 1158 2250 1206 Arminius
2286 1159 2508 1224 Koechly,
2553 1177 2607 1229 ex

184 1262 276 1310 quo
321 1245 438 1290 hanc
484 1245 539 1309 de
585 1246 794 1290 Homero
839 1244 983 1290 movit
1026 1243 1358 1308 quaestionem.
1434 1243 1505 1288 De
1548 1243 1757 1288 Homero
1795 1241 1922 1305 dico;
1964 1252 2095 1287 antea
2132 1243 2253 1288 enim
2293 1244 2339 1290 in
2375 1239 2607 1302 Hesiodea

184 1329 433 1391 theogonia
479 1329 717 1393 Gruppius
739 1327 798 1390 18)
824 1341 892 1392 „et
935 1329 1210 1376 Soetbeerus
1238 1325 1296 1390 ¹⁹)
1346 1327 1625 1391 strophicam
1666 1327 1765 1390 jam
1820 1336 2100 1391 aperuerunt
2145 1326 2367 1375 rationem
2416 1343 2608 1392 eamque

188 1411 471 1476 Koechly-um
505 1412 563 1457 ad
599 1412 860 1475 catalogum
898 1412 1183 1457 Achivorum
1222 1410 1510 1456 transtulisse
1545 1420 1735 1457 constat.
1809 1409 1881 1455 De
1916 1427 2007 1473 quo
2045 1409 2172 1473 prius
2208 1409 2446 1459 disseram.

387 1507 459 1552 Ac
497 1506 698 1570 primum
744 1505 927 1570 quidem
975 1504 1177 1568 Koechly
1224 1515 1274 1550 ut
1305 1504 1589 1551 Achivorum
1642 1503 1688 1550 in
1738 1502 1879 1549 lliade
1924 1502 2183 1567 catalogum
2228 1503 2285 1551 ad
2327 1504 2605 1571 strophicam

187 1587 461 1651 theogoniae
497 1590 721 1636 rationem
759 1606 785 1635 a
821 1587 1033 1653 Gruppio
1079 1598 1124 1634 et
1160 1586 1409 1634 Soetbeero
1455 1586 1735 1652 propositam
1773 1595 2034 1645 revocaret,
2078 1586 2280 1651 Augusti
2326 1587 2606 1635 Mommseni

184 1671 665 1736 argumentationibus
682 1671 749 1730 ²⁰)
785 1671 1010 1717 adductus
1046 1687 1143 1716 esse
1180 1669 1378 1718 videtur.
1444 1672 1488 1715 ls
1524 1671 1644 1715 enim
1676 1686 1817 1734 quum
1845 1658 2125 1715 Boeotorum
2160 1680 2205 1715 et
2239 1669 2375 1717 urbes
2399 1681 2445 1716 et
2467 1670 2606 1717 duces

185 1754 232 1799 in
268 1754 381 1819 ipsis
417 1755 700 1800 carminibus
736 1755 1001 1799 Homericis
1038 1754 1190 1798 minus
1226 1754 1498 1816 conspicuos
1535 1754 1870 1817 exspectatione
1900 1753 2157 1798 accuratius
2182 1752 2377 1800 describi
2401 1752 2606 1800 animad-

183 1837 396 1882 vertisset
431 1848 478 1882 et
512 1837 559 1882 in
586 1837 777 1902 reliquis
803 1837 1088 1883 Graecorum
1125 1836 1341 1899 gentibus
1370 1836 1695 1882 enumerandis
1731 1835 1938 1881 ordinem
1964 1835 2272 1899 quendamex
2295 1835 2605 1902 geographico

183 1937 339 1966 earum
377 1921 551 1966 circum
590 1920 829 1967 Boeotiam
877 1920 968 1966 situ
1005 1920 1249 1984 repetitum
1287 1919 1486 1978 servari,
1534 1938 1587 1965 ex
1628 1918 1821 1965 Boeotia
1865 1917 2125 1983 catalogum
2168 1918 2395 1983 originem
2439 1917 2607 1966 ducere

182 2002 455 2067 scholaeque
490 2003 736 2049 Boeoticae
775 2019 864 2049 non
904 2003 1057 2048 minus
1093 2019 1230 2067 quam
1269 2002 1563 2066 theogoniam
1601 2000 1951 2047 adscribendum
1997 2018 2098 2046 esse
2144 2002 2393 2048 contendit.
2473 2002 2601 2067 Quin

181 2085 318 2130 etiam
343 2101 397 2131 ex
433 2086 530 2150 ipsa
556 2087 798 2131 Musarum
835 2086 1124 2148 invocatione
1153 2102 1272 2142 eam,
1311 2086 1356 2130 in
1383 2102 1471 2149 qua
1497 2086 1694 2131 maxime
1719 2085 1997 2142 colerentur,
2037 2096 2206 2131 terram
2236 2085 2268 2130 i.
2295 2103 2336 2131 e.
2362 2086 2601 2141 Boeotiam

180 2168 429 2230 conjectari
466 2185 599 2233 posse
631 2168 759 2216 dicit.
832 2169 938 2214 Jam
977 2168 1047 2213 his
1085 2168 1287 2232 probatis
1324 2167 1609 2213 admonitum
1638 2168 1732 2213 fere
1759 2167 2042 2232 Koechlyum
2068 2167 2280 2227 dixerim,
2317 2179 2369 2214 ut
2392 2168 2602 2226 eandem,

179 2267 269 2314 qua
306 2250 392 2295 viri
428 2250 496 2296 illi
533 2250 786 2296 doctissimi
831 2251 1095 2315 primariam
1142 2250 1416 2314 theogoniae
1465 2250 1660 2297 formam
1711 2250 1965 2297 restituisse
2009 2250 2095 2296 sibi
2142 2249 2442 2311 videbantur,
2489 2261 2605 2316 stro-

180 2332 373 2397 pharum
411 2319 636 2379 rationem
674 2333 731 2379 ad
767 2333 1054 2379 Achivorum
1103 2333 1362 2397 catalogum
1405 2362 1454 2367 -
1512 2351 1629 2398 quae
1675 2333 1798 2379 enim
1846 2333 1951 2379 inde
1995 2351 2021 2379 a
2059 2351 2193 2380 versu
2232 2333 2333 2380 760
2368 2317 2603 2398 leguntur,

178 2415 235 2462 ad
272 2434 414 2463 unum
461 2435 624 2464 omnes
669 2417 965 2464 consentiunt
1010 2428 1168 2481 postea
1201 2416 1377 2480 adjecta
1423 2435 1522 2464 esse
1560 2444 1620 2453 -
1659 2416 1956 2478 transferret,
2006 2417 2273 2483 praesertim
2321 2434 2463 2482 quum
2510 2434 2604 2465 non

178 2498 240 2545 ita
277 2516 419 2564 parvo
454 2499 751 2566 stropharum
789 2500 1106 2566 quinat-iarum
1147 2517 1338 2546 numero
1375 2499 1497 2547 ultro
1533 2500 1686 2548 oblato
1723 2517 1823 2547 eam
1860 2500 2175 2567 comprobari
2184 2499 2378 2552 videret,
2451 2497 2605 2549 Unde-

178 2580 370 2648 triginta
405 2582 527 2629 enim
565 2599 682 2649 quae
719 2591 829 2630 sunt
868 2581 1227 2649 particularum,
1275 2593 1324 2628 ut
1358 2583 1435 2648 qui
1473 2582 1528 2627 de
1563 2583 1706 2628 Aiace
1742 2582 2099 2654 Salaminiisque
2144 2582 2299 2630 traditi
2345 2594 2455 2630 sunt
2487 2569 2623 2630 duos

178 2682 338 2711 versus
374 2682 694 2727 annumerem,
733 2664 1028 2729 undecim²¹)
1065 2676 1226 2730 sponte
1262 2666 1495 2731 stropham
1533 2667 1791 2730 quinariam
1825 2665 2044 2712 efficiunt.
2121 2668 2278 2732 ltaque
2313 2677 2411 2712 arte
2444 2652 2610 2723 critical
2684 2720 2687 2722 v

179 2748 378 2811 reliquas
413 2750 634 2808 tentavit,
682 2761 732 2795 ut
769 2750 909 2796 variis
959 2749 1407 2812 interpolationibus,
1443 2767 1556 2812 quas
1592 2749 1662 2795 vel
1700 2749 2032 2795 strenuissimis
2077 2750 2287 2795 unitariis
2332 2759 2515 2796 constat
2555 2749 2602 2796 in

178 2831 460 2878 carminibus
495 2833 759 2879 Homericis
794 2833 972 2890 inesse,
1011 2831 1172 2878 deletis
1208 2831 1398 2879 eandem
1436 2831 1782 2897 compositionis
1826 2830 1975 2896 legem
2012 2831 2141 2898 quasi
2188 2819 2387 2889 eliceret.
2462 2829 2603 2895 ,Quod

177 2912 361 2978 quidem
401 2915 636 2978 negotium
675 2916 900 2962 acerrime
939 2915 1070 2962 obiit.
1133 2915 1247 2961 Tria
1280 2916 1403 2962 enim
1429 2914 1638 2961 distinxit
1671 2914 2088 2963 additamentorum
2124 2933 2294 2980 genera
2312 2915 2399 2978 ²²),
2434 2914 2603 2987 quibus

176 2998 379 3060 genuina
415 2997 611 3062 catalogi
650 2998 797 3045 forma
833 2998 1113 3064 amplificata
1158 3009 1204 3044 et
1247 2998 1556 3045 contaminata
1603 3008 1736 3044 esset.
1812 2998 1874 3045 Et
1917 2999 2067 3064 primo
2113 2999 2326 3065 quidem,
2373 2999 2448 3046 cui
2493 3002 2603 3063 geo-
2654 3031 2659 3033 Δ

381 3141 424 3180 ¹⁸)
448 3141 516 3174 vid.
537 3141 816 3176 Friedlaendems
845 3143 881 3175 in
913 3142 1031 3175 Jahnii
1062 3141 1175 3174 annal.
1215 3143 1295 3173 1861
1329 3152 1364 3184 p.
1391 3144 1446 3175 38.
1506 3141 1677 3174 Snsemibl
1708 3141 1791 3174 ibid.
1821 3145 1905 3175 18⁶4
1928 3153 1962 3186 p.
1991 3145 2067 3176 731.
2100 3160 2143 3168 —
2182 3142 2227 3184 ¹⁸)
2257 3153 2288 3175 v.
2319 3140 2603 3185 westph-tarta
2655 3135 2658 3139 ’

175 3194 281 3228 Jahn.
307 3196 422 3228 annal.
453 3199 537 3228 1860
560 3207 593 3239 p.
619 3201 696 3229 212.
735 3215 776 3222 —
813 3197 856 3238 ¹⁷)
880 3208 913 3231 v.
940 3196 1142 3230 Louna-hius
1165 3197 1186 3230 L
1212 3207 1243 3229 e.
1272 3207 1304 3239 p.
1335 3199 1390 3230 38.
1426 3215 1467 3221 —
1506 3196 1548 3238 ¹⁸)
1573 3196 1761 3240 Grappius:
1792 3196 1839 3232 tte
1862 3196 2045 3242 zneogonie
2069 3201 2123 3232 bes
2145 3196 2272 3240 θεῇσι).
2318 3196 2411 3233 ffletl.
2439 3198 2535 3236 1841.
2560 3214 2603 3224 -
2676 3209 2679 3215 ·
2794 3187 2804 3194 ”

175 3251 221 3292 ¹⁹)
246 3249 466 3284 Soetbcemu
489 3249 626 3293 Mad)
650 3252 697 3286 bie
721 3251 851 3293 utfotm
876 3254 929 3286 bet
949 3251 1135 3296 zheussonte
1159 3250 1395 3296 nadnuweifen.
1442 3251 1534 3287 mett.
1563 3253 1656 3286 1837.
1684 3270 1725 3276 —
1750 3252 1796 3295 ¹⁰)
1820 3254 1888 3285 vid.
1914 3253 2084 3297 Philotog.
2110 3253 2154 3293 V,
2179 3255 2370 3286 ass-52⁶.
2395 3269 2438 3278 —
2460 3251 2508 3295 Ἰ)
2532 3253 2603 3285 vid.
2630 3275 2637 3279 .
2700 3275 2706 3279 -
2727 3274 2731 3277 -
2768 3251 2804 3320 «ζ

172 3306 291 3339 διὶιιιίί
315 3307 428 3339 annal.
459 3308 541 3339 1s57
564 3318 600 3350 p.
627 3311 682 3339 ⁴2.
710 3325 752 3332 —
776 3308 822 3348 ²²)
847 3308 916 3340 vid.
942 3308 1023 3340 diu.
1049 3309 1092 3340 de
1114 3308 1261 3349 genuina
1283 3308 1430 3349 catalogi
1451 3307 1561 3341 forma
1582 3319 1617 3350 p.
1649 3312 1700 3342 14.
