2804 3458
1259 129 1422 207 -.14
1458 156 1523 163 .-

171 259 387 324 primitus
422 260 496 306 vir
524 238 820 306 doctissimus
854 260 1112 324 suspicatus
1148 267 1217 305 est
1251 276 1355 305 cum
1392 259 1691 306 Lachmanno
1725 270 1771 306 et
1806 259 1970 306 Curtio
2016 258 2101 304 hos
2147 258 2323 324 Ulyssis
2363 264 2600 307 sermones

169 358 225 387 ex
260 342 398 387 trinis
434 335 611 388 tantum
650 342 859 387 versibus
895 343 1152 387 constitisse
1188 352 1233 386 et
1266 343 1394 387 varia
1429 342 1740 388 additamenta
1776 343 1901 388 varie
1938 358 2060 386 nunc
2099 340 2186 386 hoc
2222 341 2470 388 uunc‘illo'.
2495 341 2629 388 loeo.
2672 400 2674 403 .
2760 332 2776 355 ⁴

170 437 295 471 nunc
332 424 512 491 plenius
559 442 681 471 nunc
726 424 906 490 parcius
952 424 1128 470 intrusa
1174 440 1298 484 esse,
1346 424 1492 471 donec
1539 442 1565 471 a
1613 425 1893 471 Pisistrateis
1937 433 2061 470 certa
2107 424 2162 470 in'
2201 424 2399 471 statione
2441 423 2598 471 omuia

168 508 521 556 collocarentur.
600 509 843 572 Utcunque
878 519 963 566 est,
1001 508 1046 552 in
1084 508 1155 553 his
1186 519 1345 571 poetae
1377 519 1521 554 artem
1547 509 1651 572 quis
1685 520 1755 554 est
1772 509 1882 572 quin
1908 507 2157 571 agnoscat?
2190 507 2330 554 Talia
2356 516 2468 554 vero
2504 504 2604 554 no'n

169 590 341 656 ubique
378 591 599 655 leguntur
634 609 780 656 neque
816 591 861 636 in
901 590 958 635 iis
983 590 1167 655 quidem
1205 592 1507 651 carminibus,
1544 609 1660 656 quae
1698 603 1884 656 propter
1911 590 2171 654 argumenti
2210 601 2420 637 naturam
2455 588 2594 639 simili

169 673 265 720 fere
301 674 633 739 particularum
672 673 956 739 responsioni
993 675 1166 738 optime
1202 674 1353 721 locum
1392 673 1650 733 dedissent,
1697 673 1855 720 eadem
1892 673 2241 738 compositionis
2273 670 2422 738 gratia
2459 673 2592 720 inest.

170 756 330 804 Redeo
354 756 423 803 'ad
459 757 705 822 septimum
743 774 956 815 carmen,
1003 757 1046 802 in
1087 775 1178 822 quo
1225 758 1429 822 Koechly
1473 757 1850 822 Teichoscopiam
1897 774 1951 802 ex
2003 757 2139 802 tertio
2186 756 2343 803 iliadis
2387 756 2505 802 libro
2550 766 2598 802 et

168 841 540 906 Agamemnonis
566 840 833 905 Epipolesin
871 858 926 886 ex
961 852 1125 905 quarto
1163 842 1207 886 in
1247 842 1385 887 unius
1420 841 1637 887 carminis
1666 858 1831 905 corpus
1857 839 2091 886 conflavit.
2167 839 2326 902 Quum
2360 839 2473 887 nibil
2499 839 2595 886 fere
2677 892 2681 895 ,
2741 835 2745 847 ³

170 923 258 970 nisi
296 924 529 970 breviores
565 941 800 970 sermones
836 923 957 969 inter
991 941 1090 969 sese
1114 924 1359 982 alternent,
1397 925 1434 969 si
1471 925 1728 988 strophicae
1753 923 1992 987 cujusdam
2020 924 2211 970 rationis
2236 924 2433 988 speciem
2461 931 2594 988 p‘octa

158 1008 511 1073 *exprimendam
549 1008 635 1053 sibi
674 1008 962 1072 sumpsisset,
1002 1009 1150 1071 major
1184 1009 1284 1053 sinc
1309 1008 1449 1052 dubio
1487 1008 1725 1072 magisque
1750 1008 1989 1072 perspicua
2020 1007 2139 1053 esset
2162 1007 2450 1072 singularum
2477 1024 2593 1072 quae

168 1091 388 1139 dicuntur
421 1091 714 1157 stropharum
751 1091 1070 1138 convenientia
1084 1110 1099 1152 3
1149 1091 1260 1137 haec
1305 1091 1456 1152 enim,
1503 1102 1555 1136 ut
1599 1109 1653 1136 ex
1697 1101 1794 1137 arte
1838 1090 1938 1154 ejus
1982 1090 2214 1156 strophica
2254 1089 2419 1137 litteris
2454 1107 2593 1156 supra

167 1175 395 1222 illustrata
452 1186 670 1241 apparet,
737 1175 895 1241 paucis
942 1185 1118 1220 tantum
1184 1174 1541 1220 allocutionibus
1604 1175 1925 1239 responsisque
1990 1175 2266 1220 continetur.
2357 1173 2495 1220 Cous.
2551 1178 2602 1223 Γ

170 1259 464 1316 162-170,
504 1259 793 1317 172-180,
834 1260 1112 1303 182-190.
1151 1263 1203 1308 Δ
1241 1258 1879 1303 272—282.—-292—302.
1969 1258 2587 1324 285—291-303--3097

166 1342 805 1388 350-355=358—363.
880 1341 1021 1387 Aliud
1058 1358 1167 1386 vero
1204 1341 1484 1405 exemplum,
1521 1341 1644 1406 quod
1682 1342 1831 1406 primo
1866 1359 1949 1388 sua
1978 1341 2255 1406 praestantia
2291 1341 2462 1405 nemini
2500 1357 2589 1387 non

166 1425 453 1491 probabitur,
493 1425 575 1487 (cf.
605 1426 717 1484 Vll,
757 1425 1156 1474 125-138=A
1173 1423 1460 1487 232-249)
1487 1442 1575 1469 non
1603 1443 1628 1470 a
1653 1437 1785 1489 poeta
1809 1426 2080 1482 Homerico,
2117 1424 2197 1470 sed
2231 1443 2285 1470 ex
2311 1424 2591 1488 Koechlyani

165 1508 341 1573 ingenii
378 1510 590 1555 acumine
627 1508 760 1555 facile
795 1508 995 1573 reperies
1028 1508 1255 1571 originem
1294 1507 1492 1553 duxisse.
1565 1508 1690 1555 Num
1729 1519 1851 1554 recte
1886 1508 1973 1554 hoe
2010 1508 2179 1555 factum
2216 1508 2302 1567 sit,
2348 1507 2393 1554 in
2442 1505 2592 1554 medio

166 1592 500 1657 relinquimus3
539 1610 681 1657 quum
718 1610 849 1651 vero,
886 1593 1248 1656 quotiescunque
1285 1591 1340 1637 de
1377 1592 1546 1655 insigni
1594 1592 1790 1655 alicujus
1826 1592 1912 1638 loci
1960 1593 2137 1638 ratione
2181 1591 2412 1657 strophica
2456 1608 2594 1657 quae·

62 1676 66 1678 ’
165 1674 332 1733 rimus,
370 1674 416 1719 in
455 1673 745 1721 difficultates
782 1691 891 1720 sane
915 1691 1079 1737 graves
1105 1673 1150 1719 in
1178 1673 1495 1719 constituenda
1522 1692 1743 1737 germana
1768 1675 2023 1721 carminum
2051 1674 2405 1721 Homericorum
2444 1674 2593 1721 forma

165 1758 338 1822 positas
375 1757 652 1816 incidamus,
689 1757 805 1804 bene
841 1775 1088 1815 memores,
1127 1756 1210 1802 hac
1246 1755 1301 1803 de
1338 1775 1386 1803 re
1423 1756 1537 1802 nihil
1574 1756 1722 1803 adhuc
1747 1757 1953 1804 omnium
1989 1747 2194 1805 virorum
2222 1757 2460 1804 doctorum
2486 1773 2595 1804 con·

164 1857 301 1887 sensu
338 1840 630 1904 comprobari
668 1851 713 1886 et
748 1839 1108 1897 considerantes,
1145 1857 1171 1885 a
1209 1839 1442 1903 Koechlyo
1480 1840 1770 1903 potissimum
1809 1840 2042 1905 proposita
2078 1858 2176 1887 esse
2214 1840 2359 1886 multa
2396 1857 2514 1887 nova
2546 1851 2594 1886 et

163 1924 418 1988 singularia
463 1951 526 1958 —-—
572 1941 612 1969 e.
661 1941 709 1987 g.
767 1923 1013 1988 septimum
1059 1923 1159 1986 ejus
1206 1940 1390 1969 carmen
1446 1922 1588 1969 affero
1645 1950 1736 1982 —,
1792 1922 1906 1969 lines
1954 1923 2241 1970 censebimus
2289 1921 2593 1989 Roechlyanis

162 2008 454 2073 angustiores
489 2007 596 2054 huic
633 2006 867 2054 doctrinae
911 2006 1213 2072 imponendos
1247 2024 1346 2053 esse
1392 2018 1437 2053 et
1482 2009 1518 2053 si
1567 2024 1657 2072 qua
1702 2025 1757 2053 ex
1802 2006 1886 2053 hac
1933 2007 2045 2053 artis
2092 2007 2276 2054 criticae
2319 2001 2595 2072 argumenta

164 2102 447 2157 repetantur,
485 2091 670 2138 tractari
708 2090 1031 2156 „periculosae
1057 2090 1243 2156 plenum
1270 2107 1386 2155 opus
1421 2091 1604 2136 aleae.“
1673 2092 1718 2136 A
1742 2108 1834 2156 quo
1859 2091 2052 2137 crimine
2085 2108 2363 2157 quamquam
2389 2090 2594 2156 Koechly

163 2191 212 2221 se
247 2175 439 2221 omnino
476 2173 698 2234 defendit,
737 2191 827 2220 non
865 2184 1017 2219 tamen
1056 2174 1226 2239 ubique
1250 2191 1437 2241 suarum
1465 2173 1726 2220 atheteseon
1752 2191 1912 2220 causas
1949 2175 2173 2239 exposuit.
2247 2173 2299 2220 ld
2336 2191 2475 2239 supra
2491 2173 2603 2240 jam*

163 2258 220 2303 ad
257 2257 362 2302 libri
400 2256 589 2302 secundi
627 2274 811 2302 versum
853 2257 942 2301 181
986 2257 1201 2301 annotavi
1241 2257 1441 2320 itemque
1479 2257 1524 2302 in
1562 2256 1664 2302 aliis
1701 2275 1774 2302 me
1810 2257 1986 2302 nescire
2022 2257 2185 2315 fateor,
2234 2275 2318 2303 cur
2360 2257 2595 2324 inprimo

161 2340 282 2387 libro
317 2357 480 2386 versus
515 2339 598 2397 38,
631 2338 830 2385 81-83
864 2339 1092 2402 rejecerit,
1132 2338 1299 2403 quibus
1335 2338 1496 2385 deletis
1532 2349 1578 2385 et
1613 2348 1806 2404 utraque
1831 2338 2036 2403 Chrysae
2071 2338 2314 2387 obtestatio
2350 2339 2406 2387 ad
2434 2339 2595 2404 quina·

163 2421 278 2468 riam
328 2421 564 2488 stropham
622 2420 805 2467 redacta
850 2431 919 2466 est
964 2431 1009 2467 et
1052 2421 1317 2467 Calchantis
1372 2420 1658 2486 Achillisque
1705 2438 1940 2469 sermones
1986 2422 2082 2486 pari
2137 2437 2355 2469 versuum
2402 2436 2597 2468 numero

163 2503 430 2552 decurrunt.
502 2503 699 2550 Talibus
744 2503 889 2569 igitur
924 2503 1145 2570 exemplis
1187 2503 1375 2549 remotis
1421 2503 1637 2570 nullaque
1681 2521 1819 2570 opera
1866 2504 1970 2550 data
2018 2504 2124 2550 huic
2176 2505 2266 2569 legi
2312 2504 2596 2552 carminibus

162 2589 292 2653 quasi
330 2587 601 2646 inurendae,
644 2598 797 2632 tamen
836 2587 957 2631 haud
995 2587 1056 2630 ita
1095 2604 1232 2649 parva
1269 2598 1409 2631 restat
1443 2604 1661 2632 versuum
1696 2588 1926 2652 strophice
1961 2588 2289 2652 dispositorum
2327 2588 2596 2646 multitudo,

162 2691 300 2737 quam
339 2672 623 2719 Ribbekkius
660 2672 706 2718 in
743 2669 869 2718 Nov.
897 2670 1023 2717 Mus.
1053 2669 1235 2717 Helvet.
1276 2669 1367 2717 vol.
1412 2671 1427 2716 l
1478 2691 1521 2735 p.
1561 2670 1663 2718 220
1697 2670 1807 2718 satis
1834 2670 2082 2736 diligenter
2104 2669 2307 2737 collegit.
2379 2668 2453 2718 Ad
2478 2688 2596 2737 quae
2677 2700 2679 2702 ·

164 2774 306 2802 unum
347 2754 464 2821 illud
497 2754 571 2802 hic
607 2753 775 2802 addere
812 2753 965 2813 liceat,
1005 2765 1106 2819 post
1150 2754 1409 2801 orationum
1456 2754 1730 2819 agitationes
1774 2754 2194 2821 concitationesque
2238 2772 2391 2802 rerum
2440 2771 2595 2802 narra-

164 2839 311 2885 tiones
346 2838 401 2885 ad
438 2848 609 2884 certam
646 2838 830 2903 saepius
856 2837 1139 2883 binariarum
1178 2837 1469 2901 stropharum
1510 2837 1843 2901 ingressionem
1883 2855 2135 2884 recurrere.
2175 2838 2251 2886 Cf.
2289 2843 2344 2891 A
2377 2838 2591 2885 44-52.

164 2922 445 2971 595—600.
520 2927 570 2971 Β
602 2920 817 2967 37-47.
871 2921 966 2966 102
986 2920 1152 2968 -105.
1225 2925 1275 2969 Ε
1308 2920 1588 2966 432-439.
1638 2920 1917 2969 443-450,
1997 2926 2039 2972 Θ
2074 2923 2289 2969 41—52.

364 3007 470 3051 Jam
507 3006 662 3067 agnita
701 3006 746 3050 in
785 3005 856 3050 his
891 3003 1123 3067 strophica
1161 3003 1357 3066 quadam
1398 3003 1570 3060 forma,
1619 3021 1728 3049 num
1767 3003 1911 3049 invito
1946 3015 2082 3068 atque
2118 3006 2262 3052 inscio
2300 3016 2458 3071 poetae
2493 3022 2593 3051 cam

164 3087 385 3135 excidisse
421 3105 525 3138 cum
566 3087 798 3152 Koechlyo
835 3097 1069 3152 putemus,
1106 3085 1360 3151 quaeritur.
1439 3085 1508 3132 De
1550 3084 1634 3132 hac
1671 3103 1719 3133 re
1755 3086 1820 3133 sic
1855 3086 2099 3139 existumo.
2172 3090 2216 3135 Α
2262 3087 2409 3154 poetis
2454 3086 2595 3154 epicis

164 3171 400 3235 antiquam
438 3170 581 3225 illam,
616 3188 735 3234 *quae
772 3170 818 3216 in
845 3169 1000 3234 lyricis
1037 3169 1319 3228 remanebat,
1357 3168 1661 3233 componendi
1686 3170 1910 3217 rationem
1937 3171 2216 3236 strophicam
2245 3171 2449 3218 relictam
2476 3188 2594 3232 esse,
2621 3158 2631 3162 ῃ

162 3270 305 3319 quum
332 3252 462 3319 epica
485 3252 689 3299 carmina
710 3269 800 3299 non
821 3263 956 3299 cantu
979 3251 1241 3312 ederentur,
1267 3250 1344 3298 sed
1370 3251 1689 3311 recitarentur,
1710 3251 1766 3298 ad
1787 3269 1930 3299 unum
1952 3269 2111 3299 omnes
2136 3253 2446 3304 consentiunt.
2502 3244 2593 3311 Sed

162 3337 250 3382 hoc
274 3336 567 3401 stropharum
595 3353 679 3381 usu
710 3337 881 3381 omisso
908 3353 999 3381 non
1029 3354 1083 3381 eo
1109 3335 1319 3381 licentiae
1339 3346 1500 3400 sponte
1527 3346 1647 3400 patet
1682 3346 1839 3400 poetas
1866 3353 2134 3400 progressos
2153 3353 2269 3395 esse,
2290 3348 2358 3397 ut,
2377 3326 2596 3403 quaeunt
