2804 3458
1258 147 1326 154 .-
1363 119 1424 165 15
1459 146 1526 153 ,-

145 245 428 316 χῘζΙ-(ριιιιενὶοι
461 250 667 309 carmina
701 251 874 296 virtute
906 261 1044 312 atque
1080 250 1373 312 praestantia,
1409 267 1594 296 omnem
1632 249 1950 296 membrorum
1973 238 2354 315 ¹convenientiam
2392 250 2609 314 neglqsa-

102 377 113 386 ,
174 343 285 397 rent
321 343 460 397 atque
506 326 866 379 contemnerent.
938 331 1039 378 lmo
1075 331 1219 395 ipsius
1250 342 1443 393 ¹naturae
1478 332 1718 391 instinctu,
1753 320 1925 389 sensu,
1949 326 2187 394 elegantia
2215 342 2375 396 poetae
2409 331 2607 380 adduce-
2670 395 2672 397 ι

175 415 360 472 bantur,
398 423 449 459 ut
482 413 554 460 vel
590 413 792 460 alternos
813 428 1052 459 sermones
1087 412 1144 459 ad
1179 412 1373 460 eundem
1399 430 1615 460 versuum
1655 431 1903 460 numerum
1935 423 2209 460 revocarent
2230 412 2303 460 vel
2338 414 2602 462 orationum

175 480 585 562 narrationumque
620 506 772 562 partes
796 495 933 543 certis
958 495 1232 561 quibusdam
1258 491 1476 544 membris
1511 496 1849 562 distinguerent
1865 494 1952 561 ⁴⁸).
2038 496 2168 545 Haec
2211 496 2356 562 igitur
2396 496 2606 564 exempla

177 581 321 628 invito
334 590 510 646 poetae,
533 579 782 627 noninscio
803 578 1025 626 excidisse
1046 577 1139 625 fere
1157 577 1365 626 dixerim.
1408 579 1561 641 Quam
1582 580 1876 646 stropharum
1891 579 2259 646 responsionem,
2280 590 2332 627 ut
2350 580 2411 628 ita
2431 579 2602 641 dicam,

183 658 431 730 quominus
444 662 623 710 inlocos
635 662 869 727 longease
882 661 1102 709 distantes
1116 661 1460 720 transferamus,
1479 663 1603 729 quod
1621 663 1856 729 Koechlyo
1875 664 2059 730 saepius
2091 663 2205 718 vitio
2223 663 2340 711 verti
2363 674 2514 729 potest
2538 663 2601 710 οἴ.

156 752 231 800 Ἀ
265 747 546 806 176-180,
581 747 866 805 228-232,
904 744 1184 794 233-237.
1258 750 1302 795 Ζ
1324 746 1549 806 30-31,
1589 749 1870 807 114-115,
1915 765 1945 804 ς
1985 748 2286 809 151—154,
2317 747 2604 807 325—329‚

115 846 120 848 ⁷
179 831 256 878 ubi
290 847 470 889 versus,
507 830 587 895 qui
622 829 847 895 sequitur,
883 847 910 875 a
934 827 1141 893 Kochlyo
1166 828 1395 875 omittitur
1419 857 1480 863 —
1507 830 1604 894 ipsa
1640 830 1891 878 hexametri
1926 831 1972 877 vi
2009 841 2055 883 et
2091 822 2258 877 natura
2283 829 2600 896 prohibemur.

178 913 339 976 Quum
375 913 497 960 enim
535 914 582 960 in
621 923 882 960 nostrorum
919 913 1152 977 epicorum
1190 930 1229 958 e.
1257 930 1304 976 g.
1335 912 1689 977 Nibelungiadis
1724 914 1901 961 ratione
1926 913 2160 980 strophica
2196 913 2312 961 bene
2346 902 2604 974 videamus,

177 1014 262 1045 cur
295 1007 510 1062 quartum
547 996 729 1060 ejudem
772 995 991 1060 strophici
1039 995 1222 1059 generis
1268 995 1400 1043 colon
1446 996 1711 1061 primariam
1762 998 2052 1063 rythmorum
2103 1014 2368 1045 mensuram
2414 997 2607 1064 reliquia

177 1079 720 1140 decurtatis'retinuerit,
757 1090 809 1125 ut
843 1079 925 1126 hac
961 1078 1222 1126 diversitate
1246 1079 1458 1145 strophae
1482 1079 1618 1127 etiam
1648 1079 1753 1128 finis
1778 1080 2022 1142 indicetur,
2059 1082 2106 1128 in
2141 1081 2394 1129 hexametri
2419 1098 2606 1147 compo-

178 1164 344 1213 sitione
377 1161 522 1215 κατά
559 1168 761 1227 anyer
794 1181 910 1227 quae
935 1162 1104 1209 dicitur
1139 1181 1220 1228 per
1254 1163 1417 1226 sejam
1444 1161 1765 1211 difficillimum
1793 1176 1863 1211 est
1887 1164 2089 1230 plurium
2115 1183 2335 1213 versuum
2373 1164 2420 1212 in
2457 1147 2602 1212 unum

178 1247 414 1314 strophae⁴
436 1265 604 1312 corpus
650 1246 1102 1312 comprehensionem
1157 1246 1345 1294 auribus
1387 1246 1650 1312 percipere,
1695 1248 1782 1295 nisi
1820 1249 2082 1312 argumenti
2117 1247 2432 1313 recitandique
2465 1248 2603 1309 ratio,

180 1329 379 1378 multum
415 1323 650 1395 adjuvant.
724 1329 957 1394 Longiore
992 1346 1101 1376 vero
1136 1346 1352 1376 versuum
1379 1329 1496 1377 serie
1531 1329 1793 1378 intermissa
1818 1330 1902 1378 hac
1927 1331 2274 1397 compositionis
2303 1341 2404 1378 arte
2427 1330 2602 1380 moveri

180 1432 274 1463 nou
313 1431 572 1480 possumus.
647 1413 824 1460 Deinde
860 1431 914 1459 ex
949 1413 1197 1459 hexametri
1235 1423 1399 1459 natura
1444 1412 1558 1460 illud
1591 1414 1727 1460 etiam
1768 1415 1903 1479 ‘sequi
1941 1415 2054 1462 mihi
2098 1414 2297 1462 videtur.
2370 1415 2434 1463 ,Ut
2478 1397 2603 1461 enim

179 1510 314 1559 antea
345 1491 490 1563 ipsius
526 1496 747 1562 Roechlyi
781 1495 988 1561 exemplo
1024 1495 1221 1555 ostendi,
1258 1496 1432 1542 variam
1467 1496 1725 1562 strophicae
1760 1496 1996 1545 doctrinae
2031 1497 2089 1545 ab
2135 1515 2190 1545 eo
2238 1498 2502 1564 propositae
2545 1497 2605 1545 ad

182 1572 440 1630 Homerum
475 1580 826 1648 applicationem
860 1597 949 1626 non
986 1579 1184 1639 excludi,
1222 1578 1268 1625 id
1304 1578 1409 1626 inde
1445 1579 1658 1641 efficitur,
1694 1580 1817 1646 quod
1843 1581 2089 1643 maximam
2125 1593 2302 1648 partem
2337 1599 2444 1628 cum
2470 1581 2606 1629 hexa-

182 1677 434 1714 metrorum
472 1663 759 1728 longitudine
795 1663 1124 1710 sententiarum
1161 1663 1377 1726 congruit
1411 1664 1610 1709 ambitus
1625 1662 1711 1725 ⁴⁴),
1757 1664 1819 1709 ita
1857 1675 1907 1710 ut
1952 1665 2097 1711 libero
2145 1665 2370 1730 quusque
2412 1665 2604 1712 arbitrio

180 1748 363 1815 saepius
398 1748 620 1812 majorem
659 1747 941 1806 minoremve
976 1762 1193 1792 versuum
1231 1762 1473 1792 numerum
1511 1756 1638 1792 arcto
1681 1746 1895 1812 strophae
1918 1747 2104 1794 vinculo
2141 1747 2275 1794 liceat
2298 1742 2598 1814 conjungere.

184 1833 236 1879 lu
273 1830 515 1879 Ribbekkii
552 1830 697 1894 igitur
719 1829 775 1876 de
799 1830 871 1896 hjs
896 1829 1032 1875 rebus
1047 1829 1273 1874 sententia
1288 1845 1372 1874 nos
1396 1829 1685 1894 acquiescere
1704 1841 1902 1894 oportet,
1938 1831 2016 1896 qui
2050 1830 2151 1876 loco
2185 1830 2323 1877 citato
2342 1831 2602 1878 carminum

181 1915 539 1964 Homericorum
585 1913 823 1979 proprium
878 1929 977 1959 esse
1034 1911 1149 1958 dixit
1191 1910 1360 1957 similia
1405 1913 1691 1959 contrariave
1746 1930 2045 1960 numerorum
2093 1914 2228 1960 etiam
2280 1913 2604 1980 aequabilitate
2677 1926 2680 1927 ’

182 1996 496 2063 distinguendi
533 1996 811 2062 notandique
847 1995 1048 2043 studium
1086 2007 1222 2061 atque
1257 2012 1479 2042 amorem.

382 2082 475 2128 Hic
512 2098 634 2127 nunc
669 2080 980 2129 subsistimus.
1053 2080 1117 2126 Ut
1151 2080 1308 2144 paucis
1340 2080 1613 2143 colligamus
1648 2091 1694 2126 et
1728 2098 2128 2141 commoneamus,
2165 2081 2333 2146 quibus
2370 2081 2426 2128 de
2463 2081 2604 2129 rebus

183 2165 322 2213 verba
358 2165 619 2222 fecerimus,
657 2165 704 2210 in
738 2164 825 2210 tria
861 2163 1041 2210 diversa
1075 2180 1246 2226 genera
1280 2180 1462 2210 summo
1486 2164 1596 2227 jure
1633 2164 1765 2211 nobis
1801 2163 2011 2211 videmur
2037 2164 2283 2228 digessisse
2306 2164 2603 2229 stropharum

184 2248 230 2295 in
266 2248 475 2298 Homero
511 2246 858 2294 iudicandarum
898 2246 1117 2311 pericula,
1153 2263 1349 2310 quorum
1397 2246 1597 2310 primum
1634 2257 1803 2293 certam
1854 2246 1978 2294 illam
2017 2247 2265 2312 lyricorum
2305 2264 2516 2295 normam
2554 2247 2602 2294 in

183 2330 426 2377 modorum
464 2330 703 2376 iteratione
740 2330 932 2394 positam
969 2328 1200 2393 sequitur,
1248 2327 1442 2373 alterum
1480 2327 1688 2392 catalogo
1732 2329 1985 2375 Homerico
2028 2328 2311 2376 vindicatum
2355 2329 2456 2395 ipsa
2499 2329 2603 2394 eJ‘ue

138 2458 145 2462 ,
185 2413 338 2459 indole
355 2413 720 2460 commendatur.
798 2414 868 2457 De
892 2412 1014 2456 tertii
1032 2427 1142 2455 vero
1162 2411 1354 2467 ratione,
1381 2411 1558 2455 etiamsi
1579 2411 1812 2474 Koechlyo
1828 2403 1894 2473 ⁴⁵)
1915 2411 2117 2457 dandum
2141 2423 2229 2471 est,
2255 2411 2602 2458 neminemdum

182 2506 446 2542 constanter
478 2513 749 2560 aggressum
785 2512 884 2539 esse
908 2493 1024 2538 banc
1058 2491 1331 2549 doctrinam,
1366 2493 1666 2556 gravissimae
1702 2504 1880 2538 exstant
1903 2494 2212 2540 dubitationes
2235 2495 2604 2560 arctioribusque

182 2572 304 2627 certe
338 2577 508 2626 finibus
542 2577 643 2642 ejus
678 2575 921 2643 applicatio
956 2573 1205 2622 coercenda
1240 2585 1323 2621 est.

381 2713 424 2755 ⁸⁸)
448 2713 524 2746 noc
544 2714 622 2746 loeo
644 2712 776 2745 silentio
798 2710 976 2754 praeterire
996 2720 1066 2743 non
1087 2720 1235 2752 possum,
1266 2709 1331 2741 bac
1361 2709 1593 2742 dissertatione
1625 2711 1809 2753 perscripta
1841 2721 1896 2743 me
1926 2710 2031 2744 Jahn.
2061 2713 2174 2746 annal.
2205 2723 2239 2746 a.
2278 2715 2364 2745 10⁶8
2393 2713 2606 2746 evolvat·-

181 2767 357 2808 iaveaisae,
379 2767 522 2802 eandm
543 2766 614 2802 fere
635 2766 834 2801 sentenfiam
856 2775 878 2799 a
899 2764 1084 2799 Bitschelio
1107 2765 1150 2798 de
1172 2764 1280 2807 poetis
1303 2763 1415 2798 latinis
1437 2763 1545 2799 latam
1568 2773 1652 2805 esse,
1675 2774 1761 2808 quos
1780 2766 1890 2809 magia
1905 2766 2008 2800 en‘am
2030 2775 2134 2810 quam
2146 2766 2334 2802 Homerum
2349 2766 2607 2811 artemophiea

181 2825 216 2856 in
227 2822 430 2856 carminibus
442 2824 683 2866 componendis
694 2833 774 2855 usos
786 2832 859 2855 esse
869 2822 930 2853 viri
942 2822 1031 2853 docti
1044 2822 1293 2853 contenderunt.
1317 2819 1369 2852 cf.
1385 2820 1490 2852 Jahn.
1508 2822 1618 2852 annal.
1639 2825 1734 2854 1869.
1747 2833 1779 2863 p.
1792 2825 1868 2853 8³4.
1881 2822 1916 2854 ff.
1929 2840 1972 2846 —
1982 2823 2030 2863 ⁴⁴)
2045 2823 2142 2855 Hanc
2154 2834 2258 2866 qnam
2267 2824 2392 2866 protuli
2404 2824 2606 2856 sentenia-1

181 2879 369 2912 consentire
390 2887 469 2911 cum
482 2879 566 2912 aliia
589 2879 696 2912 video.
745 2877 895 2911 Schnorr
916 2877 958 2909 de
982 2875 1170 2909 Carolsfeld
1193 2875 1458 2909 dissertationem
1488 2877 1532 2908 de
1560 2876 1778 2909 similitudine
1809 2887 1896 2919 quae
1924 2878 2011 2910 inter
2040 2879 2193 2911 carmina
2213 2878 2398 2912 Romu-ica
2425 2883 2461 2911 et
2488 2878 2606 2921 poesin

180 2934 376 2978 popularem
397 2933 594 2974 intercedit,
613 2934 736 2967 ⁴Jalinii
758 2933 934 2969 annalibus
966 2932 1178 2964 inserendam
1211 2931 1349 2970 curavit,
1383 2948 1426 2955 —
1460 2941 1528 2974 quo
1561 2942 1651 2965 anno
1682 2934 1845 2966 memoria
1873 2942 1943 2966 non
1969 2935 2062 2966 tenui
2085 2951 2129 2958 —
2148 2935 2188 2967 *in
2211 2944 2280 2977 qua
2302 2935 2504 2967 Homericae
2525 2934 2606 2967 anis

180 2990 340 3023 metricas
360 2999 436 3023 eam
461 2999 536 3023 ease
557 2990 668 3033 legem
691 2990 790 3029 dicit,
821 2993 861 3022 ut
882 2987 1005 3032 singuli
1028 2987 1098 3020 fere
1119 2997 1234 3020 versus
1257 2987 1418 3020 orationis
1442 2987 1543 3019 etiam
1572 2988 1725 3020 membra
1754 2988 1917 3028 efficiant,
1956 2999 2058 3032 qnam
2087 2990 2199 3033 legem
2229 2991 2401 3034 epicorum
2431 2994 2606 3033 poet-nm

181 3037 408 3079 moe-ham
432 3055 506 3078 ene
529 3046 571 3078 nd
596 3051 701 3078 mem
724 3046 888 3088 prioribus
911 3044 1115 3086 temporssms
1137 3048 1246 3075 ortam
1269 3048 1303 3075 et
1330 3043 1511 3078 excultam.
1536 3060 1577 3067 —
1601 3044 1647 3084 ιι)
1670 3045 1735 3076 vid.
1753 3045 1919 3087 Koechlyi
1943 3047 1986 3079 de
2002 3044 2157 3087 osy-m
2170 3047 2420 3079 diuemeona
2435 3052 2512 3084 uu,
2536 3047 2606 3084 ubi,

181 3108 266 3143 quas
288 3099 538 3144 antiquissimas
562 3098 736 3143 Odysseae
758 3103 870 3143 partes
893 3103 1006 3133 censet
1028 3106 1118 3138 esse,
1141 3097 1182 3131 iis
1203 3097 1284 3131 item
1307 3097 1584 3141 compositionem
1607 3099 1812 3141 stt-ophicam
1834 3099 1994 3134 attribuit.

1098 3306 1676 3342 “ww
