<?xml version="1.0" encoding="UTF-8"?>
<!DOCTYPE html PUBLIC "-//W3C//DTD XHTML 1.0 Transitional//EN"
    "http://www.w3.org/TR/xhtml1/DTD/xhtml1-transitional.dtd">
<html xmlns="http://www.w3.org/1999/xhtml" xml:lang="en" lang="en">
 <head>
  <title>
</title>
<meta http-equiv="Content-Type" content="text/html;charset=utf-8" />
  <meta name='ocr-system' content='tesseract 3.04.00' />
  <meta name='ocr-capabilities' content='ocr_page ocr_carea ocr_par ocr_line ocrx_word'/>
</head>
<body>
  <div class='ocr_page' id='page_1' title='image "4770944_0010.png"; bbox 0 0 2804 3458; ppageno 0'>
   <div class='ocr_carea' id='block_1_1' title="bbox 1294 90 1562 133">
    <p class='ocr_par' dir='ltr' id='par_1_1' title="bbox 1294 90 1562 133">
     <span class='ocr_line' id='line_1_1' title="bbox 1294 90 1562 133; baseline 0 -10"><span class='ocrx_word' id='word_1_1' title='bbox 1294 90 1562 133; x_wconf 75' lang='lat'>-2-</span> 
     </span>
    </p>
   </div>
   <div class='ocr_carea' id='block_1_2' title="bbox 210 219 2644 289">
    <p class='ocr_par' dir='ltr' id='par_1_2' title="bbox 210 219 2644 289">
     <span class='ocr_line' id='line_1_2' title="bbox 210 219 2644 289; baseline -0.001 -19"><span class='ocrx_word' id='word_1_2' title='bbox 210 239 364 272; x_wconf 86' lang='lat' dir='ltr'>unum</span> <span class='ocrx_word' id='word_1_3' title='bbox 410 222 701 289; x_wconf 88' lang='lat' dir='ltr'>eundemque</span> <span class='ocrx_word' id='word_1_4' title='bbox 748 230 930 289; x_wconf 78' lang='lat' dir='ltr'>poetam</span> <span class='ocrx_word' id='word_1_5' title='bbox 966 237 1244 286; x_wconf 85' lang='lat' dir='ltr'>cognoscere</span> <span class='ocrx_word' id='word_1_6' title='bbox 1273 221 1311 281; x_wconf 85' lang='lat'>¹)</span> <span class='ocrx_word' id='word_1_7' title='bbox 1356 230 1627 288; x_wconf 85' lang='lat' dir='ltr'>certumque</span> <span class='ocrx_word' id='word_1_8' title='bbox 1662 236 1745 287; x_wconf 85' lang='lat' dir='ltr'>per</span> <span class='ocrx_word' id='word_1_9' title='bbox 1777 219 1935 274; x_wconf 79' lang='lat' dir='ltr'>omnia</span> <span class='ocrx_word' id='word_1_10' title='bbox 1969 219 2184 286; x_wconf 74' lang='lat' dir='ltr'>deinceps</span> <span class='ocrx_word' id='word_1_11' title='bbox 2219 219 2443 281; x_wconf 77' lang='lat' dir='ltr'>carmina,</span> <span class='ocrx_word' id='word_1_12' title='bbox 2479 219 2644 287; x_wconf 78' lang='lat' dir='ltr'>ampli-</span> 
     </span>
    </p>
   </div>
   <div class='ocr_carea' id='block_1_3' title="bbox 212 300 2739 379">
    <p class='ocr_par' dir='ltr' id='par_1_3' title="bbox 212 300 2739 379">
     <span class='ocr_line' id='line_1_3' title="bbox 212 300 2739 379; baseline -0.001 -26"><span class='ocrx_word' id='word_1_13' title='bbox 212 305 353 353; x_wconf 82' lang='lat' dir='ltr'>ficata</span> <span class='ocrx_word' id='word_1_14' title='bbox 388 314 511 353; x_wconf 77' lang='lat' dir='ltr'>certe</span> <span class='ocrx_word' id='word_1_15' title='bbox 547 304 628 353; x_wconf 88' lang='lat' dir='ltr'>illa</span> <span class='ocrx_word' id='word_1_16' title='bbox 662 305 833 373; x_wconf 86' lang='lat' dir='ltr'>passim</span> <span class='ocrx_word' id='word_1_17' title='bbox 868 304 1215 364; x_wconf 72' lang='lat' dir='ltr'>additamentis,</span> <span class='ocrx_word' id='word_1_18' title='bbox 1262 303 1531 370; x_wconf 76' lang='lat' dir='ltr'>intellegere</span> <span class='ocrx_word' id='word_1_19' title='bbox 1566 303 1654 351; x_wconf 88' lang='lat' dir='ltr'>sibi</span> <span class='ocrx_word' id='word_1_20' title='bbox 1688 303 1959 351; x_wconf 87' lang='lat' dir='ltr'>viderentur</span> <span class='ocrx_word' id='word_1_21' title='bbox 1992 312 2038 349; x_wconf 90' lang='lat' dir='ltr'>et</span> <span class='ocrx_word' id='word_1_22' title='bbox 2072 301 2223 350; x_wconf 82' lang='lat' dir='ltr'>adbuc</span> <span class='ocrx_word' id='word_1_23' title='bbox 2256 300 2502 351; x_wconf 79' lang='lat' dir='ltr'>videantur</span> <span class='ocrx_word' id='word_1_24' title='bbox 2534 304 2673 379; x_wconf 41' lang='lat' dir='ltr'>con-3</span> <span class='ocrx_word' id='word_1_25' title='bbox 2734 339 2739 343; x_wconf 80' lang='lat'><em>-</em></span> 
     </span>
    </p>
   </div>
   <div class='ocr_carea' id='block_1_4' title="bbox 204 385 2643 701">
    <p class='ocr_par' dir='ltr' id='par_1_4' title="bbox 204 385 2643 701">
     <span class='ocr_line' id='line_1_4' title="bbox 216 385 2643 452; baseline -0 -18"><span class='ocrx_word' id='word_1_26' title='bbox 216 387 403 448; x_wconf 86' lang='lat' dir='ltr'>silium,</span> <span class='ocrx_word' id='word_1_27' title='bbox 440 400 521 434; x_wconf 83' lang='lat' dir='ltr'>aut</span> <span class='ocrx_word' id='word_1_28' title='bbox 557 389 844 434; x_wconf 85' lang='lat' dir='ltr'>Lachmanni</span> <span class='ocrx_word' id='word_1_29' title='bbox 879 389 1012 452; x_wconf 86' lang='lat' dir='ltr'>signa</span> <span class='ocrx_word' id='word_1_30' title='bbox 1049 388 1094 431; x_wconf 93' lang='lat' dir='ltr'>in</span> <span class='ocrx_word' id='word_1_31' title='bbox 1132 388 1400 432; x_wconf 88' lang='lat' dir='ltr'>universum</span> <span class='ocrx_word' id='word_1_32' title='bbox 1438 388 1583 432; x_wconf 89' lang='lat' dir='ltr'>secuti</span> <span class='ocrx_word' id='word_1_33' title='bbox 1631 386 1687 439; x_wconf 85' lang='lat' dir='ltr'>de</span> <span class='ocrx_word' id='word_1_34' title='bbox 1722 386 1825 431; x_wconf 89' lang='lat' dir='ltr'>aliis</span> <span class='ocrx_word' id='word_1_35' title='bbox 1859 387 1950 432; x_wconf 80' lang='lat' dir='ltr'>alia</span> <span class='ocrx_word' id='word_1_36' title='bbox 1984 387 2123 432; x_wconf 81' lang='lat' dir='ltr'>statui</span> <span class='ocrx_word' id='word_1_37' title='bbox 2157 385 2359 444; x_wconf 83' lang='lat' dir='ltr'>vellent,</span> <span class='ocrx_word' id='word_1_38' title='bbox 2409 386 2643 433; x_wconf 75' lang='lat' dir='ltr'>uberrima</span> 
     </span>
     <span class='ocr_line' id='line_1_5' title="bbox 216 454 2641 537; baseline -0 -18"><span class='ocrx_word' id='word_1_39' title='bbox 216 472 327 519; x_wconf 85' lang='lat' dir='ltr'>iude</span> <span class='ocrx_word' id='word_1_40' title='bbox 357 472 416 519; x_wconf 85' lang='lat' dir='ltr'>ab</span> <span class='ocrx_word' id='word_1_41' title='bbox 449 474 552 535; x_wconf 85' lang='lat' dir='ltr'>ejus</span> <span class='ocrx_word' id='word_1_42' title='bbox 587 483 795 537; x_wconf 88' lang='lat' dir='ltr'>tempore</span> <span class='ocrx_word' id='word_1_43' title='bbox 831 488 975 536; x_wconf 86' lang='lat' dir='ltr'>usque</span> <span class='ocrx_word' id='word_1_44' title='bbox 1019 470 1075 516; x_wconf 78' lang='lat' dir='ltr'>ad</span> <span class='ocrx_word' id='word_1_45' title='bbox 1122 470 1244 516; x_wconf 86' lang='lat' dir='ltr'>hunc</span> <span class='ocrx_word' id='word_1_46' title='bbox 1289 470 1411 516; x_wconf 90' lang='lat' dir='ltr'>diem</span> <span class='ocrx_word' id='word_1_47' title='bbox 1449 469 1505 516; x_wconf 91' lang='lat' dir='ltr'>de</span> <span class='ocrx_word' id='word_1_48' title='bbox 1540 471 1750 517; x_wconf 84' lang='lat' dir='ltr'>Homero</span> <span class='ocrx_word' id='word_1_49' title='bbox 1785 472 1955 535; x_wconf 87' lang='lat' dir='ltr'>scripta</span> <span class='ocrx_word' id='word_1_50' title='bbox 1990 470 2171 517; x_wconf 78' lang='lat' dir='ltr'>docent.</span> <span class='ocrx_word' id='word_1_51' title='bbox 2244 469 2351 516; x_wconf 84' lang='lat' dir='ltr'>Jam</span> <span class='ocrx_word' id='word_1_52' title='bbox 2384 487 2494 516; x_wconf 87' lang='lat' dir='ltr'>vero</span> <span class='ocrx_word' id='word_1_53' title='bbox 2529 454 2641 518; x_wconf 77' lang='lat' dir='ltr'>&#39;dum</span> 
     </span>
     <span class='ocr_line' id='line_1_6' title="bbox 206 550 2642 621; baseline -0.001 -18"><span class='ocrx_word' id='word_1_54' title='bbox 206 564 263 603; x_wconf 76' lang='lat' dir='ltr'>vet</span> <span class='ocrx_word' id='word_1_55' title='bbox 293 553 350 603; x_wconf 91' lang='lat' dir='ltr'>de</span> <span class='ocrx_word' id='word_1_56' title='bbox 385 555 512 603; x_wconf 87' lang='lat' dir='ltr'>omni</span> <span class='ocrx_word' id='word_1_57' title='bbox 548 554 815 621; x_wconf 74' lang='lat' dir='ltr'>quaestione</span> <span class='ocrx_word' id='word_1_58' title='bbox 851 552 1100 601; x_wconf 83' lang='lat' dir='ltr'>Homerica</span> <span class='ocrx_word' id='word_1_59' title='bbox 1145 552 1192 600; x_wconf 92' lang='lat' dir='ltr'>in</span> <span class='ocrx_word' id='word_1_60' title='bbox 1234 562 1479 619; x_wconf 90' lang='lat' dir='ltr'>utramque</span> <span class='ocrx_word' id='word_1_61' title='bbox 1515 562 1691 618; x_wconf 83' lang='lat' dir='ltr'>partem</span> <span class='ocrx_word' id='word_1_62' title='bbox 1727 551 1989 617; x_wconf 88' lang='lat' dir='ltr'>disputatur</span> <span class='ocrx_word' id='word_1_63' title='bbox 2021 563 2068 600; x_wconf 86' lang='lat' dir='ltr'>et</span> <span class='ocrx_word' id='word_1_64' title='bbox 2101 550 2157 600; x_wconf 86' lang='lat' dir='ltr'>de</span> <span class='ocrx_word' id='word_1_65' title='bbox 2193 551 2480 612; x_wconf 77' lang='lat' dir='ltr'>carminum,</span> <span class='ocrx_word' id='word_1_66' title='bbox 2524 550 2642 618; x_wconf 82' lang='lat' dir='ltr'>quae</span> 
     </span>
     <span class='ocr_line' id='line_1_7' title="bbox 204 634 2642 701; baseline -0.001 -16"><span class='ocrx_word' id='word_1_67' title='bbox 204 637 581 699; x_wconf 87' lang='lat' dir='ltr'>constituuntur,</span> <span class='ocrx_word' id='word_1_68' title='bbox 616 637 791 685; x_wconf 89' lang='lat' dir='ltr'>ambitu</span> <span class='ocrx_word' id='word_1_69' title='bbox 828 646 872 683; x_wconf 88' lang='lat' dir='ltr'>et</span> <span class='ocrx_word' id='word_1_70' title='bbox 906 645 1181 701; x_wconf 85' lang='lat' dir='ltr'>argumento</span> <span class='ocrx_word' id='word_1_71' title='bbox 1217 634 1478 683; x_wconf 85' lang='lat' dir='ltr'>deliniendo</span> <span class='ocrx_word' id='word_1_72' title='bbox 1515 634 1660 683; x_wconf 90' lang='lat' dir='ltr'>multa</span> <span class='ocrx_word' id='word_1_73' title='bbox 1694 635 1815 682; x_wconf 91' lang='lat' dir='ltr'>inter</span> <span class='ocrx_word' id='word_1_74' title='bbox 1849 634 2144 695; x_wconf 89' lang='lat' dir='ltr'>„carminum</span> <span class='ocrx_word' id='word_1_75' title='bbox 2180 637 2459 683; x_wconf 81' lang='lat' dir='ltr'>venatores“</span> <span class='ocrx_word' id='word_1_76' title='bbox 2494 645 2642 683; x_wconf 77' lang='lat' dir='ltr'>exstat</span> 
     </span>
    </p>
   </div>
   <div class='ocr_carea' id='block_1_5' title="bbox 216 718 2641 869">
    <p class='ocr_par' dir='ltr' id='par_1_5' title="bbox 216 718 2641 869">
     <span class='ocr_line' id='line_1_8' title="bbox 216 718 2378 787; baseline -0.001 -20"><span class='ocrx_word' id='word_1_77' title='bbox 216 722 550 782; x_wconf 82' lang='lat' dir='ltr'>controversia,</span> <span class='ocrx_word' id='word_1_78' title='bbox 586 720 792 787; x_wconf 72' lang='lat' dir='ltr'>quaestio</span> <span class='ocrx_word' id='word_1_79' title='bbox 827 719 883 765; x_wconf 92' lang='lat' dir='ltr'>de</span> <span class='ocrx_word' id='word_1_80' title='bbox 914 719 1149 785; x_wconf 88' lang='lat' dir='ltr'>stropbica</span> <span class='ocrx_word' id='word_1_81' title='bbox 1184 736 1346 766; x_wconf 88' lang='lat' dir='ltr'>eorum</span> <span class='ocrx_word' id='word_1_82' title='bbox 1384 719 1534 766; x_wconf 80' lang='lat' dir='ltr'>forma</span> <span class='ocrx_word' id='word_1_83' title='bbox 1567 736 1619 765; x_wconf 88' lang='lat' dir='ltr'>ac</span> <span class='ocrx_word' id='word_1_84' title='bbox 1655 718 1988 784; x_wconf 83' lang='lat' dir='ltr'>compositione</span> <span class='ocrx_word' id='word_1_85' title='bbox 2024 718 2258 783; x_wconf 74' lang='lat' dir='ltr'>proposita</span> <span class='ocrx_word' id='word_1_86' title='bbox 2293 728 2378 764; x_wconf 86' lang='lat' dir='ltr'>est.</span> 
     </span>
     <span class='ocr_line' id='line_1_9' title="bbox 419 800 2641 869; baseline -0 -20"><span class='ocrx_word' id='word_1_87' title='bbox 419 806 574 869; x_wconf 83' lang='lat' dir='ltr'>Atque</span> <span class='ocrx_word' id='word_1_88' title='bbox 619 804 796 868; x_wconf 89' lang='lat' dir='ltr'>primus</span> <span class='ocrx_word' id='word_1_89' title='bbox 839 801 1026 868; x_wconf 85' lang='lat' dir='ltr'>quidem</span> <span class='ocrx_word' id='word_1_90' title='bbox 1083 802 1200 848; x_wconf 89' lang='lat' dir='ltr'>hanc</span> <span class='ocrx_word' id='word_1_91' title='bbox 1247 801 1561 867; x_wconf 88' lang='lat' dir='ltr'>quaestionem</span> <span class='ocrx_word' id='word_1_92' title='bbox 1607 802 1751 847; x_wconf 88' lang='lat' dir='ltr'>movit</span> <span class='ocrx_word' id='word_1_93' title='bbox 1793 800 2035 847; x_wconf 75' lang='lat' dir='ltr'>Arminius</span> <span class='ocrx_word' id='word_1_94' title='bbox 2080 800 2286 866; x_wconf 70' lang='lat' dir='ltr'>Koechly</span> <span class='ocrx_word' id='word_1_95' title='bbox 2340 817 2461 846; x_wconf 87' lang='lat' dir='ltr'>anno</span> <span class='ocrx_word' id='word_1_96' title='bbox 2505 801 2641 848; x_wconf 75' lang='lat'><strong>1853</strong></span> 
     </span>
    </p>
   </div>
   <div class='ocr_carea' id='block_1_6' title="bbox 202 884 2639 3115">
    <p class='ocr_par' dir='ltr' id='par_1_6' title="bbox 202 884 2639 3115">
     <span class='ocr_line' id='line_1_10' title="bbox 217 884 2637 950; baseline -0.001 -16"><span class='ocrx_word' id='word_1_97' title='bbox 217 888 538 934; x_wconf 82' lang='lat' dir='ltr'>dissertatione</span> <span class='ocrx_word' id='word_1_98' title='bbox 574 888 821 932; x_wconf 89' lang='lat' dir='ltr'>lectionum</span> <span class='ocrx_word' id='word_1_99' title='bbox 858 886 1071 950; x_wconf 87' lang='lat' dir='ltr'>catalogo</span> <span class='ocrx_word' id='word_1_100' title='bbox 1095 887 1339 931; x_wconf 89' lang='lat' dir='ltr'>Turicensi</span> <span class='ocrx_word' id='word_1_101' title='bbox 1377 886 1646 949; x_wconf 87' lang='lat' dir='ltr'>praemissa,</span> <span class='ocrx_word' id='word_1_102' title='bbox 1683 886 1760 949; x_wconf 88' lang='lat' dir='ltr'>qui</span> <span class='ocrx_word' id='word_1_103' title='bbox 1787 885 2074 930; x_wconf 80' lang='lat' dir='ltr'>Achivorum</span> <span class='ocrx_word' id='word_1_104' title='bbox 2111 885 2157 928; x_wconf 91' lang='lat' dir='ltr'>in</span> <span class='ocrx_word' id='word_1_105' title='bbox 2197 884 2339 929; x_wconf 85' lang='lat' dir='ltr'>lliade</span> <span class='ocrx_word' id='word_1_106' title='bbox 2375 885 2637 950; x_wconf 71' lang='lat' dir='ltr'>catalogum</span> 
     </span>
     <span class='ocr_line' id='line_1_11' title="bbox 216 967 2639 1035; baseline -0.001 -18"><span class='ocrx_word' id='word_1_107' title='bbox 216 971 275 1018; x_wconf 80' lang='lat' dir='ltr'>ad</span> <span class='ocrx_word' id='word_1_108' title='bbox 309 971 559 1035; x_wconf 88' lang='lat' dir='ltr'>genuinam</span> <span class='ocrx_word' id='word_1_109' title='bbox 597 969 792 1017; x_wconf 81' lang='lat' dir='ltr'>formam</span> <span class='ocrx_word' id='word_1_110' title='bbox 831 970 1170 1035; x_wconf 88' lang='lat' dir='ltr'>pristinumque</span> <span class='ocrx_word' id='word_1_111' title='bbox 1204 968 1497 1032; x_wconf 84' lang='lat' dir='ltr'>splendorem</span> <span class='ocrx_word' id='word_1_112' title='bbox 1535 985 1750 1015; x_wconf 88' lang='lat' dir='ltr'>revocare</span> <span class='ocrx_word' id='word_1_113' title='bbox 1786 979 1979 1015; x_wconf 89' lang='lat' dir='ltr'>conatus</span> <span class='ocrx_word' id='word_1_114' title='bbox 2024 967 2225 1032; x_wconf 84' lang='lat' dir='ltr'>strophis</span> <span class='ocrx_word' id='word_1_115' title='bbox 2271 984 2376 1014; x_wconf 92' lang='lat' dir='ltr'>eum</span> <span class='ocrx_word' id='word_1_116' title='bbox 2413 968 2639 1032; x_wconf 74' lang='lat' dir='ltr'>quinariis</span> 
     </span>
     <span class='ocr_line' id='line_1_12' title="bbox 216 1049 2637 1116; baseline -0.001 -16"><span class='ocrx_word' id='word_1_117' title='bbox 216 1053 472 1100; x_wconf 86' lang='lat' dir='ltr'>decurrisse</span> <span class='ocrx_word' id='word_1_118' title='bbox 507 1053 757 1099; x_wconf 87' lang='lat' dir='ltr'>contendit.</span> <span class='ocrx_word' id='word_1_119' title='bbox 832 1052 983 1116; x_wconf 87' lang='lat' dir='ltr'>Cujus</span> <span class='ocrx_word' id='word_1_120' title='bbox 1028 1052 1280 1098; x_wconf 89' lang='lat' dir='ltr'>sententiae</span> <span class='ocrx_word' id='word_1_121' title='bbox 1318 1051 1637 1116; x_wconf 83' lang='lat' dir='ltr'>probabilitate</span> <span class='ocrx_word' id='word_1_122' title='bbox 1680 1062 1725 1097; x_wconf 89' lang='lat' dir='ltr'>et</span> <span class='ocrx_word' id='word_1_123' title='bbox 1770 1051 1888 1097; x_wconf 79' lang='lat' dir='ltr'>felici</span> <span class='ocrx_word' id='word_1_124' title='bbox 1939 1051 2015 1115; x_wconf 89' lang='lat' dir='ltr'>qui</span> <span class='ocrx_word' id='word_1_125' title='bbox 2053 1049 2236 1097; x_wconf 86' lang='lat' dir='ltr'>videtur</span> <span class='ocrx_word' id='word_1_126' title='bbox 2278 1067 2377 1097; x_wconf 91' lang='lat' dir='ltr'>esse</span> <span class='ocrx_word' id='word_1_127' title='bbox 2423 1067 2637 1099; x_wconf 86' lang='lat' dir='ltr'>successu</span> 
     </span>
     <span class='ocr_line' id='line_1_13' title="bbox 214 1134 2637 1201; baseline 0 -19"><span class='ocrx_word' id='word_1_128' title='bbox 214 1136 438 1183; x_wconf 86' lang='lat' dir='ltr'>adductus</span> <span class='ocrx_word' id='word_1_129' title='bbox 485 1137 604 1182; x_wconf 91' lang='lat' dir='ltr'>alius</span> <span class='ocrx_word' id='word_1_130' title='bbox 639 1138 742 1201; x_wconf 91' lang='lat' dir='ltr'>quis</span> <span class='ocrx_word' id='word_1_131' title='bbox 778 1136 959 1182; x_wconf 90' lang='lat' dir='ltr'>duobus</span> <span class='ocrx_word' id='word_1_132' title='bbox 1004 1136 1137 1181; x_wconf 90' lang='lat' dir='ltr'>annis</span> <span class='ocrx_word' id='word_1_133' title='bbox 1185 1146 1288 1200; x_wconf 89' lang='lat' dir='ltr'>post</span> <span class='ocrx_word' id='word_1_134' title='bbox 1332 1136 1419 1180; x_wconf 89' lang='lat' dir='ltr'>tria</span> <span class='ocrx_word' id='word_1_135' title='bbox 1466 1135 1745 1199; x_wconf 65' lang='lat' dir='ltr'>illa-,priora</span> <span class='ocrx_word' id='word_1_136' title='bbox 1784 1153 1810 1180; x_wconf 90' lang='lat' dir='ltr'>a</span> <span class='ocrx_word' id='word_1_137' title='bbox 1853 1134 2153 1180; x_wconf 90' lang='lat' dir='ltr'>Lachmanno</span> <span class='ocrx_word' id='word_1_138' title='bbox 2199 1134 2448 1181; x_wconf 89' lang='lat' dir='ltr'>constituta</span> <span class='ocrx_word' id='word_1_139' title='bbox 2480 1134 2637 1182; x_wconf 87' lang='lat' dir='ltr'>lliadis</span> 
     </span>
     <span class='ocr_line' id='line_1_14' title="bbox 215 1216 2639 1284; baseline -0 -18"><span class='ocrx_word' id='word_1_140' title='bbox 215 1221 419 1266; x_wconf 84' lang='lat' dir='ltr'>carmina</span> <span class='ocrx_word' id='word_1_141' title='bbox 452 1219 693 1266; x_wconf 86' lang='lat' dir='ltr'>ostendere</span> <span class='ocrx_word' id='word_1_142' title='bbox 729 1219 877 1266; x_wconf 90' lang='lat' dir='ltr'>voluit</span> <span class='ocrx_word' id='word_1_143' title='bbox 911 1219 1111 1284; x_wconf 87' lang='lat' dir='ltr'>strophis</span> <span class='ocrx_word' id='word_1_144' title='bbox 1148 1219 1418 1283; x_wconf 84' lang='lat' dir='ltr'>septenariis</span> <span class='ocrx_word' id='word_1_145' title='bbox 1455 1219 1707 1282; x_wconf 87' lang='lat' dir='ltr'>composita</span> <span class='ocrx_word' id='word_1_146' title='bbox 1744 1236 1858 1265; x_wconf 89' lang='lat' dir='ltr'>esse.</span> <span class='ocrx_word' id='word_1_147' title='bbox 1886 1216 1925 1279; x_wconf 71' lang='grc'>2)</span> <span class='ocrx_word' id='word_1_148' title='bbox 1994 1217 2093 1264; x_wconf 88' lang='lat' dir='ltr'>Nec</span> <span class='ocrx_word' id='word_1_149' title='bbox 2120 1236 2231 1264; x_wconf 87' lang='lat' dir='ltr'>vero</span> <span class='ocrx_word' id='word_1_150' title='bbox 2267 1218 2450 1283; x_wconf 83' lang='lat' dir='ltr'>neglegi</span> <span class='ocrx_word' id='word_1_151' title='bbox 2489 1219 2639 1284; x_wconf 88' lang='lat' dir='ltr'>potuit</span> 
     </span>
     <span class='ocr_line' id='line_1_15' title="bbox 214 1300 2639 1366; baseline 0 -17"><span class='ocrx_word' id='word_1_152' title='bbox 214 1303 325 1349; x_wconf 88' lang='lat' dir='ltr'>baec</span> <span class='ocrx_word' id='word_1_153' title='bbox 360 1303 569 1349; x_wconf 89' lang='lat' dir='ltr'>doctrina</span> <span class='ocrx_word' id='word_1_154' title='bbox 604 1321 630 1349; x_wconf 88' lang='lat' dir='ltr'>a</span> <span class='ocrx_word' id='word_1_155' title='bbox 665 1303 777 1349; x_wconf 89' lang='lat' dir='ltr'>viris</span> <span class='ocrx_word' id='word_1_156' title='bbox 813 1302 905 1349; x_wconf 91' lang='lat' dir='ltr'>illis</span> <span class='ocrx_word' id='word_1_157' title='bbox 941 1302 1246 1360; x_wconf 85' lang='lat' dir='ltr'>doctissimis,</span> <span class='ocrx_word' id='word_1_158' title='bbox 1294 1303 1371 1366; x_wconf 89' lang='lat' dir='ltr'>qui</span> <span class='ocrx_word' id='word_1_159' title='bbox 1416 1301 1698 1365; x_wconf 80' lang='lat' dir='ltr'>singularem</span> <span class='ocrx_word' id='word_1_160' title='bbox 1729 1302 1829 1365; x_wconf 88' lang='lat' dir='ltr'>jam</span> <span class='ocrx_word' id='word_1_161' title='bbox 1866 1300 1921 1347; x_wconf 90' lang='lat' dir='ltr'>ad</span> <span class='ocrx_word' id='word_1_162' title='bbox 1969 1318 2042 1347; x_wconf 91' lang='lat' dir='ltr'>res</span> <span class='ocrx_word' id='word_1_163' title='bbox 2090 1301 2302 1347; x_wconf 88' lang='lat' dir='ltr'>metricas</span> <span class='ocrx_word' id='word_1_164' title='bbox 2347 1302 2639 1357; x_wconf 78' lang='lat' dir='ltr'>contulerant</span> 
     </span>
     <span class='ocr_line' id='line_1_16' title="bbox 214 1384 2637 1450; baseline -0 -18"><span class='ocrx_word' id='word_1_165' title='bbox 214 1389 418 1450; x_wconf 82' lang='lat' dir='ltr'>operam.</span> <span class='ocrx_word' id='word_1_166' title='bbox 496 1388 655 1450; x_wconf 84' lang='lat' dir='ltr'>ltaque</span> <span class='ocrx_word' id='word_1_167' title='bbox 693 1385 1001 1450; x_wconf 87' lang='lat' dir='ltr'>Westphalus</span> <span class='ocrx_word' id='word_1_168' title='bbox 1046 1402 1167 1430; x_wconf 90' lang='lat' dir='ltr'>anno</span> <span class='ocrx_word' id='word_1_169' title='bbox 1207 1384 1335 1430; x_wconf 85' lang='lat'>1857</span> <span class='ocrx_word' id='word_1_170' title='bbox 1378 1385 1617 1430; x_wconf 86' lang='lat' dir='ltr'>Homerici</span> <span class='ocrx_word' id='word_1_171' title='bbox 1662 1384 1901 1448; x_wconf 86' lang='lat' dir='ltr'>cujusdam</span> <span class='ocrx_word' id='word_1_172' title='bbox 1951 1384 2038 1429; x_wconf 90' lang='lat' dir='ltr'>loci</span> <span class='ocrx_word' id='word_1_173' title='bbox 2086 1385 2308 1430; x_wconf 89' lang='lat' dir='ltr'>rationem</span> <span class='ocrx_word' id='word_1_174' title='bbox 2356 1385 2637 1450; x_wconf 85' lang='lat' dir='ltr'>strophicam</span> 
     </span>
     <span class='ocr_line' id='line_1_17' title="bbox 215 1466 2635 1534; baseline -0 -20"><span class='ocrx_word' id='word_1_175' title='bbox 215 1469 405 1514; x_wconf 85' lang='lat' dir='ltr'>notavit.</span> <span class='ocrx_word' id='word_1_176' title='bbox 480 1469 533 1514; x_wconf 87' lang='lat' dir='ltr'>ln</span> <span class='ocrx_word' id='word_1_177' title='bbox 570 1468 914 1534; x_wconf 88' lang='lat' dir='ltr'>philologorum</span> <span class='ocrx_word' id='word_1_178' title='bbox 952 1468 1073 1513; x_wconf 82' lang='lat' dir='ltr'>enim</span> <span class='ocrx_word' id='word_1_179' title='bbox 1111 1479 1338 1513; x_wconf 90' lang='lat' dir='ltr'>conventu</span> <span class='ocrx_word' id='word_1_180' title='bbox 1378 1467 1709 1513; x_wconf 84' lang='lat' dir='ltr'>Vratislavensi</span> <span class='ocrx_word' id='word_1_181' title='bbox 1747 1467 1802 1512; x_wconf 93' lang='lat' dir='ltr'>de</span> <span class='ocrx_word' id='word_1_182' title='bbox 1838 1468 2157 1531; x_wconf 85' lang='lat' dir='ltr'>antiquissima</span> <span class='ocrx_word' id='word_1_183' title='bbox 2188 1466 2472 1514; x_wconf 86' lang='lat' dir='ltr'>Graecorum</span> <span class='ocrx_word' id='word_1_184' title='bbox 2510 1468 2635 1533; x_wconf 89' lang='lat' dir='ltr'>poesi</span> 
     </span>
     <span class='ocr_line' id='line_1_18' title="bbox 212 1550 2634 1616; baseline -0 -18"><span class='ocrx_word' id='word_1_185' title='bbox 212 1551 357 1616; x_wconf 82' lang='lat' dir='ltr'>lyrica</span> <span class='ocrx_word' id='word_1_186' title='bbox 402 1551 631 1599; x_wconf 90' lang='lat' dir='ltr'>disserens</span> <span class='ocrx_word' id='word_1_187' title='bbox 676 1552 868 1616; x_wconf 89' lang='lat' dir='ltr'>ejusque</span> <span class='ocrx_word' id='word_1_188' title='bbox 911 1550 1106 1614; x_wconf 87' lang='lat' dir='ltr'>vestigia</span> <span class='ocrx_word' id='word_1_189' title='bbox 1153 1550 1198 1596; x_wconf 89' lang='lat' dir='ltr'>in</span> <span class='ocrx_word' id='word_1_190' title='bbox 1235 1551 1431 1597; x_wconf 85' lang='lat' dir='ltr'>Homeri</span> <span class='ocrx_word' id='word_1_191' title='bbox 1480 1550 1761 1597; x_wconf 85' lang='lat' dir='ltr'>carminibus</span> <span class='ocrx_word' id='word_1_192' title='bbox 1807 1562 1985 1597; x_wconf 88' lang='lat' dir='ltr'>exstare</span> <span class='ocrx_word' id='word_1_193' title='bbox 2022 1550 2228 1597; x_wconf 90' lang='lat' dir='ltr'>indicans</span> <span class='ocrx_word' id='word_1_194' title='bbox 2265 1550 2461 1597; x_wconf 85' lang='lat' dir='ltr'>formam</span> <span class='ocrx_word' id='word_1_195' title='bbox 2498 1551 2634 1603; x_wconf 85' lang='lat' dir='ltr'>etiam</span> 
     </span>
     <span class='ocr_line' id='line_1_19' title="bbox 211 1633 2638 1701; baseline 0 -19"><span class='ocrx_word' id='word_1_196' title='bbox 211 1635 404 1701; x_wconf 77' lang='lat' dir='ltr'>lyricam</span> <span class='ocrx_word' id='word_1_197' title='bbox 464 1637 511 1682; x_wconf 93' lang='lat' dir='ltr'>in</span> <span class='ocrx_word' id='word_1_198' title='bbox 569 1634 775 1701; x_wconf 86' lang='lat' dir='ltr'>epicedio</span> <span class='ocrx_word' id='word_1_199' title='bbox 834 1634 914 1681; x_wconf 90' lang='lat' dir='ltr'>illo</span> <span class='ocrx_word' id='word_1_200' title='bbox 974 1633 1031 1680; x_wconf 87' lang='lat' dir='ltr'>ad</span> <span class='ocrx_word' id='word_1_201' title='bbox 1077 1634 1294 1680; x_wconf 84' lang='lat' dir='ltr'>Hectoris</span> <span class='ocrx_word' id='word_1_202' title='bbox 1354 1652 1520 1699; x_wconf 90' lang='lat' dir='ltr'>corpus</span> <span class='ocrx_word' id='word_1_203' title='bbox 1574 1645 1754 1681; x_wconf 87' lang='lat' dir='ltr'>cantato</span> <span class='ocrx_word' id='word_1_204' title='bbox 1809 1636 1956 1681; x_wconf 90' lang='lat' dir='ltr'>inesse</span> <span class='ocrx_word' id='word_1_205' title='bbox 2011 1634 2194 1681; x_wconf 85' lang='lat' dir='ltr'>detexit.</span> <span class='ocrx_word' id='word_1_206' title='bbox 2283 1636 2514 1681; x_wconf 83' lang='lat' dir='ltr'>Assensus</span> <span class='ocrx_word' id='word_1_207' title='bbox 2567 1646 2638 1682; x_wconf 89' lang='lat' dir='ltr'>est</span> 
     </span>
     <span class='ocr_line' id='line_1_20' title="bbox 211 1717 2637 1783; baseline -0.001 -17"><span class='ocrx_word' id='word_1_208' title='bbox 211 1719 517 1778; x_wconf 79' lang='lat' dir='ltr'>Leutsehius‚</span> <span class='ocrx_word' id='word_1_209' title='bbox 560 1719 640 1783; x_wconf 86' lang='lat' dir='ltr'>qui</span> <span class='ocrx_word' id='word_1_210' title='bbox 686 1718 1005 1765; x_wconf 88' lang='lat' dir='ltr'>dissertatione</span> <span class='ocrx_word' id='word_1_211' title='bbox 1052 1717 1106 1764; x_wconf 91' lang='lat' dir='ltr'>de</span> <span class='ocrx_word' id='word_1_212' title='bbox 1143 1717 1393 1764; x_wconf 85' lang='lat' dir='ltr'>hexametri</span> <span class='ocrx_word' id='word_1_213' title='bbox 1431 1718 1611 1781; x_wconf 88' lang='lat' dir='ltr'>origine</span> <span class='ocrx_word' id='word_1_214' title='bbox 1648 1717 1893 1782; x_wconf 86' lang='lat' dir='ltr'>Philologo</span> <span class='ocrx_word' id='word_1_215' title='bbox 1928 1736 2013 1764; x_wconf 92' lang='lat' dir='ltr'>suo</span> <span class='ocrx_word' id='word_1_216' title='bbox 2050 1719 2221 1765; x_wconf 85' lang='lat' dir='ltr'>inserta</span> <span class='ocrx_word' id='word_1_217' title='bbox 2256 1736 2392 1765; x_wconf 88' lang='lat' dir='ltr'>suum</span> <span class='ocrx_word' id='word_1_218' title='bbox 2428 1717 2484 1764; x_wconf 93' lang='lat' dir='ltr'>de</span> <span class='ocrx_word' id='word_1_219' title='bbox 2520 1729 2637 1765; x_wconf 87' lang='lat' dir='ltr'>stro·</span> 
     </span>
     <span class='ocr_line' id='line_1_21' title="bbox 212 1800 2635 1867; baseline 0 -19"><span class='ocrx_word' id='word_1_220' title='bbox 212 1802 346 1867; x_wconf 88' lang='lat' dir='ltr'>phica</span> <span class='ocrx_word' id='word_1_221' title='bbox 390 1802 531 1865; x_wconf 87' lang='lat' dir='ltr'>hujus</span> <span class='ocrx_word' id='word_1_222' title='bbox 579 1801 668 1847; x_wconf 91' lang='lat' dir='ltr'>loci</span> <span class='ocrx_word' id='word_1_223' title='bbox 709 1801 885 1848; x_wconf 90' lang='lat' dir='ltr'>ratione</span> <span class='ocrx_word' id='word_1_224' title='bbox 914 1800 1145 1864; x_wconf 85' lang='lat' dir='ltr'>judicium</span> <span class='ocrx_word' id='word_1_225' title='bbox 1197 1800 1406 1865; x_wconf 89' lang='lat' dir='ltr'>protulit.</span> <span class='ocrx_word' id='word_1_226' title='bbox 1504 1802 1607 1865; x_wconf 82' lang='lat' dir='ltr'>lpse</span> <span class='ocrx_word' id='word_1_227' title='bbox 1661 1801 1856 1866; x_wconf 90' lang='lat' dir='ltr'>denique</span> <span class='ocrx_word' id='word_1_228' title='bbox 1910 1801 2150 1848; x_wconf 83' lang='lat' dir='ltr'>Arminius</span> <span class='ocrx_word' id='word_1_229' title='bbox 2209 1801 2439 1866; x_wconf 76' lang='lat' dir='ltr'>Koechly,</span> <span class='ocrx_word' id='word_1_230' title='bbox 2495 1802 2635 1866; x_wconf 72' lang='lat' dir='ltr'>huJus</span> 
     </span>
     <span class='ocr_line' id='line_1_22' title="bbox 209 1883 2634 1949; baseline 0 -18"><span class='ocrx_word' id='word_1_231' title='bbox 209 1884 446 1931; x_wconf 88' lang='lat' dir='ltr'>doctrinae</span> <span class='ocrx_word' id='word_1_232' title='bbox 490 1885 537 1930; x_wconf 91' lang='lat' dir='ltr'>in</span> <span class='ocrx_word' id='word_1_233' title='bbox 581 1885 791 1931; x_wconf 86' lang='lat' dir='ltr'>Homero</span> <span class='ocrx_word' id='word_1_234' title='bbox 836 1894 998 1941; x_wconf 80' lang='lat' dir='ltr'>auctor</span> <span class='ocrx_word' id='word_1_235' title='bbox 1042 1894 1088 1929; x_wconf 91' lang='lat' dir='ltr'>et</span> <span class='ocrx_word' id='word_1_236' title='bbox 1133 1884 1371 1948; x_wconf 83' lang='lat' dir='ltr'>princeps,</span> <span class='ocrx_word' id='word_1_237' title='bbox 1427 1901 1568 1948; x_wconf 87' lang='lat' dir='ltr'>quum</span> <span class='ocrx_word' id='word_1_238' title='bbox 1617 1884 1814 1948; x_wconf 90' lang='lat' dir='ltr'>singulis</span> <span class='ocrx_word' id='word_1_239' title='bbox 1850 1883 2063 1949; x_wconf 88' lang='lat' dir='ltr'>deinceps</span> <span class='ocrx_word' id='word_1_240' title='bbox 2108 1884 2237 1931; x_wconf 89' lang='lat' dir='ltr'>libris</span> <span class='ocrx_word' id='word_1_241' title='bbox 2279 1883 2385 1930; x_wconf 89' lang='lat' dir='ltr'>inde</span> <span class='ocrx_word' id='word_1_242' title='bbox 2420 1884 2477 1931; x_wconf 91' lang='lat' dir='ltr'>ab</span> <span class='ocrx_word' id='word_1_243' title='bbox 2512 1902 2634 1931; x_wconf 90' lang='lat' dir='ltr'>anno</span> 
     </span>
     <span class='ocr_line' id='line_1_23' title="bbox 211 1965 2632 2032; baseline 0 -19"><span class='ocrx_word' id='word_1_244' title='bbox 211 1966 361 2025; x_wconf 87' lang='lat'>1857,</span> <span class='ocrx_word' id='word_1_245' title='bbox 397 1965 622 2032; x_wconf 84' lang='lat' dir='ltr'>quidquid</span> <span class='ocrx_word' id='word_1_246' title='bbox 657 1967 885 2031; x_wconf 89' lang='lat' dir='ltr'>„proprio</span> <span class='ocrx_word' id='word_1_247' title='bbox 920 1967 1109 2012; x_wconf 81' lang='lat' dir='ltr'>Marte“</span> <span class='ocrx_word' id='word_1_248' title='bbox 1147 1966 1193 2011; x_wconf 88' lang='lat' dir='ltr'>in</span> <span class='ocrx_word' id='word_1_249' title='bbox 1230 1966 1496 2030; x_wconf 88' lang='lat' dir='ltr'>quaestione</span> <span class='ocrx_word' id='word_1_250' title='bbox 1532 1967 1783 2012; x_wconf 87' lang='lat' dir='ltr'>Homerica</span> <span class='ocrx_word' id='word_1_251' title='bbox 1821 1977 2050 2031; x_wconf 88' lang='lat' dir='ltr'>praestare</span> <span class='ocrx_word' id='word_1_252' title='bbox 2087 1978 2256 2032; x_wconf 88' lang='lat' dir='ltr'>posset,</span> <span class='ocrx_word' id='word_1_253' title='bbox 2293 1966 2548 2030; x_wconf 82' lang='lat' dir='ltr'>evulgaret,</span> <span class='ocrx_word' id='word_1_254' title='bbox 2585 1967 2632 2013; x_wconf 90' lang='lat' dir='ltr'>in</span> 
     </span>
     <span class='ocr_line' id='line_1_24' title="bbox 208 2048 2631 2115; baseline 0 -19"><span class='ocrx_word' id='word_1_255' title='bbox 208 2066 261 2096; x_wconf 87' lang='lat' dir='ltr'>ea</span> <span class='ocrx_word' id='word_1_256' title='bbox 297 2066 413 2114; x_wconf 89' lang='lat' dir='ltr'>quae</span> <span class='ocrx_word' id='word_1_257' title='bbox 449 2060 613 2114; x_wconf 89' lang='lat' dir='ltr'>quarta</span> <span class='ocrx_word' id='word_1_258' title='bbox 647 2049 704 2095; x_wconf 93' lang='lat' dir='ltr'>ab</span> <span class='ocrx_word' id='word_1_259' title='bbox 740 2049 840 2114; x_wconf 89' lang='lat' dir='ltr'>ipso</span> <span class='ocrx_word' id='word_1_260' title='bbox 877 2049 1144 2095; x_wconf 88' lang='lat' dir='ltr'>nominatur</span> <span class='ocrx_word' id='word_1_261' title='bbox 1179 2048 1500 2095; x_wconf 88' lang='lat' dir='ltr'>dissertatione</span> <span class='ocrx_word' id='word_1_262' title='bbox 1537 2049 1721 2095; x_wconf 91' lang='lat' dir='ltr'>brevem</span> <span class='ocrx_word' id='word_1_263' title='bbox 1771 2049 2029 2113; x_wconf 88' lang='lat' dir='ltr'>strophicae</span> <span class='ocrx_word' id='word_1_264' title='bbox 2073 2050 2264 2096; x_wconf 87' lang='lat' dir='ltr'>rationis</span> <span class='ocrx_word' id='word_1_265' title='bbox 2300 2049 2631 2115; x_wconf 82' lang='lat' dir='ltr'>expositionem</span> 
     </span>
     <span class='ocr_line' id='line_1_25' title="bbox 207 2129 2632 2198; baseline 0 -19"><span class='ocrx_word' id='word_1_266' title='bbox 207 2132 264 2179; x_wconf 89' lang='lat' dir='ltr'>ad</span> <span class='ocrx_word' id='word_1_267' title='bbox 317 2143 495 2179; x_wconf 89' lang='lat' dir='ltr'>sextum</span> <span class='ocrx_word' id='word_1_268' title='bbox 550 2132 889 2197; x_wconf 91' lang='lat' dir='ltr'>septimumque</span> <span class='ocrx_word' id='word_1_269' title='bbox 941 2148 1051 2178; x_wconf 90' lang='lat' dir='ltr'>suae</span> <span class='ocrx_word' id='word_1_270' title='bbox 1106 2131 1263 2178; x_wconf 73' lang='lat' dir='ltr'>iliadis</span> <span class='ocrx_word' id='word_1_271' title='bbox 1316 2149 1501 2178; x_wconf 86' lang='lat' dir='ltr'>carmen</span> <span class='ocrx_word' id='word_1_272' title='bbox 1555 2129 1829 2197; x_wconf 86' lang='lat' dir='ltr'>applicatam</span> <span class='ocrx_word' id='word_1_273' title='bbox 1884 2132 2107 2183; x_wconf 84' lang='lat' dir='ltr'>exhibuit.</span> <span class='ocrx_word' id='word_1_274' title='bbox 2192 2133 2244 2179; x_wconf 86' lang='lat' dir='ltr'>ln</span> <span class='ocrx_word' id='word_1_275' title='bbox 2289 2132 2478 2198; x_wconf 87' lang='lat' dir='ltr'>reliquis</span> <span class='ocrx_word' id='word_1_276' title='bbox 2521 2149 2632 2180; x_wconf 88' lang='lat' dir='ltr'>vero</span> 
     </span>
     <span class='ocr_line' id='line_1_26' title="bbox 206 2214 2633 2281; baseline 0 -20"><span class='ocrx_word' id='word_1_277' title='bbox 206 2214 489 2262; x_wconf 85' lang='lat' dir='ltr'>carminibus</span> <span class='ocrx_word' id='word_1_278' title='bbox 524 2225 751 2280; x_wconf 86' lang='lat' dir='ltr'>quatenus</span> <span class='ocrx_word' id='word_1_279' title='bbox 797 2214 954 2261; x_wconf 87' lang='lat' dir='ltr'>eadem</span> <span class='ocrx_word' id='word_1_280' title='bbox 1002 2214 1295 2280; x_wconf 87' lang='lat' dir='ltr'>stropharum</span> <span class='ocrx_word' id='word_1_281' title='bbox 1343 2232 1418 2261; x_wconf 90' lang='lat' dir='ltr'>ars</span> <span class='ocrx_word' id='word_1_282' title='bbox 1463 2226 1731 2280; x_wconf 88' lang='lat' dir='ltr'>appareret,</span> <span class='ocrx_word' id='word_1_283' title='bbox 1774 2226 1872 2261; x_wconf 91' lang='lat' dir='ltr'>tum</span> <span class='ocrx_word' id='word_1_284' title='bbox 1917 2214 2101 2281; x_wconf 88' lang='lat' dir='ltr'>quidem</span> <span class='ocrx_word' id='word_1_285' title='bbox 2149 2226 2359 2262; x_wconf 84' lang='lat' dir='ltr'>accurate</span> <span class='ocrx_word' id='word_1_286' title='bbox 2405 2215 2633 2280; x_wconf 84' lang='lat' dir='ltr'>explicare</span> 
     </span>
     <span class='ocr_line' id='line_1_27' title="bbox 205 2298 2634 2364; baseline 0 -19"><span class='ocrx_word' id='word_1_287' title='bbox 205 2299 480 2364; x_wconf 83' lang='lat' dir='ltr'>supersedit,</span> <span class='ocrx_word' id='word_1_288' title='bbox 518 2299 563 2344; x_wconf 91' lang='lat' dir='ltr'>in</span> <span class='ocrx_word' id='word_1_289' title='bbox 602 2299 817 2345; x_wconf 87' lang='lat' dir='ltr'>universa</span> <span class='ocrx_word' id='word_1_290' title='bbox 853 2298 1085 2363; x_wconf 90' lang='lat' dir='ltr'>pollicitus</span> <span class='ocrx_word' id='word_1_291' title='bbox 1122 2298 1405 2346; x_wconf 87' lang='lat' dir='ltr'>Graecarum</span> <span class='ocrx_word' id='word_1_292' title='bbox 1445 2299 1700 2345; x_wconf 87' lang='lat' dir='ltr'>litterarum</span> <span class='ocrx_word' id='word_1_293' title='bbox 1742 2299 1929 2346; x_wconf 84' lang='lat' dir='ltr'>historia</span> <span class='ocrx_word' id='word_1_294' title='bbox 1976 2317 2024 2345; x_wconf 91' lang='lat' dir='ltr'>se</span> <span class='ocrx_word' id='word_1_295' title='bbox 2070 2318 2169 2346; x_wconf 85' lang='lat' dir='ltr'>eam</span> <span class='ocrx_word' id='word_1_296' title='bbox 2217 2299 2484 2363; x_wconf 87' lang='lat' dir='ltr'>diligentius</span> <span class='ocrx_word' id='word_1_297' title='bbox 2531 2317 2634 2364; x_wconf 85' lang='lat' dir='ltr'>per-</span> 
     </span>
     <span class='ocr_line' id='line_1_28' title="bbox 205 2381 2631 2449; baseline 0 -20"><span class='ocrx_word' id='word_1_298' title='bbox 205 2392 507 2429; x_wconf 88' lang='lat' dir='ltr'>tractaturum</span> <span class='ocrx_word' id='word_1_299' title='bbox 544 2400 660 2431; x_wconf 89' lang='lat' dir='ltr'>esse.</span> <span class='ocrx_word' id='word_1_300' title='bbox 735 2382 864 2429; x_wconf 88' lang='lat' dir='ltr'>Haec</span> <span class='ocrx_word' id='word_1_301' title='bbox 901 2381 1085 2447; x_wconf 90' lang='lat' dir='ltr'>quidem</span> <span class='ocrx_word' id='word_1_302' title='bbox 1123 2382 1178 2428; x_wconf 90' lang='lat' dir='ltr'>ad</span> <span class='ocrx_word' id='word_1_303' title='bbox 1217 2383 1337 2429; x_wconf 88' lang='lat' dir='ltr'>hunc</span> <span class='ocrx_word' id='word_1_304' title='bbox 1376 2401 1519 2448; x_wconf 88' lang='lat' dir='ltr'>usque</span> <span class='ocrx_word' id='word_1_305' title='bbox 1552 2382 1671 2430; x_wconf 87' lang='lat' dir='ltr'>diem</span> <span class='ocrx_word' id='word_1_306' title='bbox 1711 2383 1757 2429; x_wconf 92' lang='lat' dir='ltr'>in</span> <span class='ocrx_word' id='word_1_307' title='bbox 1796 2382 1943 2430; x_wconf 92' lang='lat' dir='ltr'>lucem</span> <span class='ocrx_word' id='word_1_308' title='bbox 1984 2401 2073 2429; x_wconf 91' lang='lat' dir='ltr'>non</span> <span class='ocrx_word' id='word_1_309' title='bbox 2112 2382 2308 2449; x_wconf 80' lang='lat' dir='ltr'>prodiit3</span> <span class='ocrx_word' id='word_1_310' title='bbox 2356 2383 2401 2429; x_wconf 92' lang='lat' dir='ltr'>in</span> <span class='ocrx_word' id='word_1_311' title='bbox 2450 2382 2631 2430; x_wconf 85' lang='lat' dir='ltr'>(luobus</span> 
     </span>
     <span class='ocr_line' id='line_1_29' title="bbox 204 2464 2630 2532; baseline 0.001 -21"><span class='ocrx_word' id='word_1_312' title='bbox 204 2483 314 2511; x_wconf 89' lang='lat' dir='ltr'>vero</span> <span class='ocrx_word' id='word_1_313' title='bbox 356 2466 459 2511; x_wconf 89' lang='lat' dir='ltr'>aliis</span> <span class='ocrx_word' id='word_1_314' title='bbox 504 2465 674 2511; x_wconf 89' lang='lat' dir='ltr'>libellis</span> <span class='ocrx_word' id='word_1_315' title='bbox 715 2464 772 2510; x_wconf 87' lang='lat' dir='ltr'>ad</span> <span class='ocrx_word' id='word_1_316' title='bbox 811 2465 930 2510; x_wconf 82' lang='lat' dir='ltr'>viam</span> <span class='ocrx_word' id='word_1_317' title='bbox 977 2464 1083 2510; x_wconf 84' lang='lat' dir='ltr'>huie</span> <span class='ocrx_word' id='word_1_318' title='bbox 1128 2466 1384 2530; x_wconf 87' lang='lat' dir='ltr'>quaestioni</span> <span class='ocrx_word' id='word_1_319' title='bbox 1430 2466 1722 2530; x_wconf 87' lang='lat' dir='ltr'>aperiendam</span> <span class='ocrx_word' id='word_1_320' title='bbox 1774 2478 1819 2513; x_wconf 89' lang='lat' dir='ltr'>et</span> <span class='ocrx_word' id='word_1_321' title='bbox 1864 2466 2158 2513; x_wconf 83' lang='lat' dir='ltr'>muniendam</span> <span class='ocrx_word' id='word_1_322' title='bbox 2204 2465 2377 2532; x_wconf 88' lang='lat' dir='ltr'>aliquid</span> <span class='ocrx_word' id='word_1_323' title='bbox 2421 2466 2630 2513; x_wconf 79' lang='lat' dir='ltr'>conl&#39;erre</span> 
     </span>
     <span class='ocr_line' id='line_1_30' title="bbox 205 2549 2632 2612; baseline 0 -17"><span class='ocrx_word' id='word_1_324' title='bbox 205 2550 365 2597; x_wconf 86' lang='lat' dir='ltr'>voluit.</span> <span class='ocrx_word' id='word_1_325' title='bbox 439 2550 599 2610; x_wconf 82' lang='lat' dir='ltr'>Quum</span> <span class='ocrx_word' id='word_1_326' title='bbox 647 2551 770 2595; x_wconf 90' lang='lat' dir='ltr'>enim</span> <span class='ocrx_word' id='word_1_327' title='bbox 807 2567 929 2594; x_wconf 89' lang='lat' dir='ltr'>anno</span> <span class='ocrx_word' id='word_1_328' title='bbox 972 2550 1097 2594; x_wconf 81' lang='lat'>1859</span> <span class='ocrx_word' id='word_1_329' title='bbox 1134 2549 1454 2595; x_wconf 86' lang='lat' dir='ltr'>dissertatione</span> <span class='ocrx_word' id='word_1_330' title='bbox 1490 2551 1752 2612; x_wconf 87' lang='lat' dir='ltr'>gratulandi</span> <span class='ocrx_word' id='word_1_331' title='bbox 1791 2569 1927 2596; x_wconf 87' lang='lat' dir='ltr'>causa</span> <span class='ocrx_word' id='word_1_332' title='bbox 1963 2550 2019 2595; x_wconf 90' lang='lat' dir='ltr'>ad</span> <span class='ocrx_word' id='word_1_333' title='bbox 2052 2551 2361 2596; x_wconf 85' lang='lat' dir='ltr'>Welckerum</span> <span class='ocrx_word' id='word_1_334' title='bbox 2400 2551 2538 2595; x_wconf 85' lang='lat' dir='ltr'>missa</span> <span class='ocrx_word' id='word_1_335' title='bbox 2573 2549 2632 2595; x_wconf 90' lang='lat' dir='ltr'>de</span> 
     </span>
     <span class='ocr_line' id='line_1_31' title="bbox 204 2619 2631 2697; baseline 0 -19"><span class='ocrx_word' id='word_1_336' title='bbox 204 2632 368 2678; x_wconf 84' lang='lat' dir='ltr'>ultimo</span> <span class='ocrx_word' id='word_1_337' title='bbox 408 2619 567 2679; x_wconf 78' lang='lat' dir='ltr'>iliadis</span> <span class='ocrx_word' id='word_1_338' title='bbox 599 2632 718 2679; x_wconf 88' lang='lat' dir='ltr'>libro</span> <span class='ocrx_word' id='word_1_339' title='bbox 755 2632 927 2695; x_wconf 82' lang='lat' dir='ltr'>egisset</span> <span class='ocrx_word' id='word_1_340' title='bbox 958 2642 1004 2676; x_wconf 88' lang='lat' dir='ltr'>et</span> <span class='ocrx_word' id='word_1_341' title='bbox 1039 2631 1318 2695; x_wconf 88' lang='lat' dir='ltr'>strophicam</span> <span class='ocrx_word' id='word_1_342' title='bbox 1356 2633 1456 2694; x_wconf 90' lang='lat' dir='ltr'>ejus</span> <span class='ocrx_word' id='word_1_343' title='bbox 1489 2634 1869 2697; x_wconf 88' lang='lat' dir='ltr'>compositionem</span> <span class='ocrx_word' id='word_1_344' title='bbox 1907 2633 2292 2691; x_wconf 87' lang='lat' dir='ltr'>demonstrasset,</span> <span class='ocrx_word' id='word_1_345' title='bbox 2338 2633 2383 2678; x_wconf 92' lang='lat' dir='ltr'>in</span> <span class='ocrx_word' id='word_1_346' title='bbox 2430 2632 2631 2679; x_wconf 89' lang='lat' dir='ltr'>editione</span> 
     </span>
     <span class='ocr_line' id='line_1_32' title="bbox 203 2712 2631 2780; baseline 0.001 -19"><span class='ocrx_word' id='word_1_347' title='bbox 203 2713 401 2762; x_wconf 90' lang='lat' dir='ltr'>sedecim</span> <span class='ocrx_word' id='word_1_348' title='bbox 438 2714 625 2763; x_wconf 90' lang='lat' dir='ltr'>illorum</span> <span class='ocrx_word' id='word_1_349' title='bbox 662 2715 941 2774; x_wconf 85' lang='lat' dir='ltr'>carminum,</span> <span class='ocrx_word' id='word_1_350' title='bbox 975 2731 1092 2780; x_wconf 89' lang='lat' dir='ltr'>quae</span> <span class='ocrx_word' id='word_1_351' title='bbox 1131 2712 1286 2761; x_wconf 87' lang='lat' dir='ltr'>lliadis</span> <span class='ocrx_word' id='word_1_352' title='bbox 1323 2732 1488 2779; x_wconf 87' lang='lat' dir='ltr'>parvae</span> <span class='ocrx_word' id='word_1_353' title='bbox 1525 2715 1711 2763; x_wconf 90' lang='lat' dir='ltr'>nomine</span> <span class='ocrx_word' id='word_1_354' title='bbox 1747 2715 2005 2780; x_wconf 84' lang='lat' dir='ltr'>insignivit,</span> <span class='ocrx_word' id='word_1_355' title='bbox 2042 2733 2203 2762; x_wconf 89' lang='lat' dir='ltr'>omnes</span> <span class='ocrx_word' id='word_1_356' title='bbox 2238 2732 2344 2762; x_wconf 88' lang='lat' dir='ltr'>suas</span> <span class='ocrx_word' id='word_1_357' title='bbox 2369 2714 2424 2763; x_wconf 91' lang='lat' dir='ltr'>de</span> <span class='ocrx_word' id='word_1_358' title='bbox 2460 2714 2543 2763; x_wconf 87' lang='lat' dir='ltr'>hac</span> <span class='ocrx_word' id='word_1_359' title='bbox 2578 2733 2631 2763; x_wconf 89' lang='lat' dir='ltr'>re</span> 
     </span>
     <span class='ocr_line' id='line_1_33' title="bbox 203 2797 2628 2864; baseline 0.001 -20"><span class='ocrx_word' id='word_1_360' title='bbox 203 2797 544 2846; x_wconf 85' lang='lat' dir='ltr'>observationes</span> <span class='ocrx_word' id='word_1_361' title='bbox 582 2799 751 2863; x_wconf 87' lang='lat' dir='ltr'>publici</span> <span class='ocrx_word' id='word_1_362' title='bbox 781 2798 905 2863; x_wconf 90' lang='lat' dir='ltr'>juris</span> <span class='ocrx_word' id='word_1_363' title='bbox 943 2797 1074 2856; x_wconf 85' lang='lat' dir='ltr'>l&#39;ecit,</span> <span class='ocrx_word' id='word_1_364' title='bbox 1124 2815 1214 2845; x_wconf 91' lang='lat' dir='ltr'>non</span> <span class='ocrx_word' id='word_1_365' title='bbox 1251 2798 1403 2845; x_wconf 86' lang='lat' dir='ltr'>verbis</span> <span class='ocrx_word' id='word_1_366' title='bbox 1455 2797 1640 2863; x_wconf 90' lang='lat' dir='ltr'>quidem</span> <span class='ocrx_word' id='word_1_367' title='bbox 1688 2798 1789 2845; x_wconf 90' lang='lat' dir='ltr'>illas</span> <span class='ocrx_word' id='word_1_368' title='bbox 1837 2798 2078 2856; x_wconf 86' lang='lat' dir='ltr'>delinitas,</span> <span class='ocrx_word' id='word_1_369' title='bbox 2128 2809 2175 2846; x_wconf 88' lang='lat' dir='ltr'>at</span> <span class='ocrx_word' id='word_1_370' title='bbox 2216 2798 2382 2847; x_wconf 88' lang='lat' dir='ltr'>litteris</span> <span class='ocrx_word' id='word_1_371' title='bbox 2426 2799 2628 2864; x_wconf 87' lang='lat' dir='ltr'>margini</span> 
     </span>
     <span class='ocr_line' id='line_1_34' title="bbox 203 2880 2626 2948; baseline 0.001 -20"><span class='ocrx_word' id='word_1_372' title='bbox 203 2881 422 2947; x_wconf 86' lang='lat' dir='ltr'>appositis</span> <span class='ocrx_word' id='word_1_373' title='bbox 459 2892 652 2929; x_wconf 86' lang='lat' dir='ltr'>notatas.</span> <span class='ocrx_word' id='word_1_374' title='bbox 725 2882 831 2929; x_wconf 88' lang='lat' dir='ltr'>Jam</span> <span class='ocrx_word' id='word_1_375' title='bbox 869 2882 906 2928; x_wconf 91' lang='lat' dir='ltr'>si</span> <span class='ocrx_word' id='word_1_376' title='bbox 933 2880 1196 2929; x_wconf 88' lang='lat' dir='ltr'>discesseris</span> <span class='ocrx_word' id='word_1_377' title='bbox 1232 2881 1288 2928; x_wconf 87' lang='lat' dir='ltr'>ab</span> <span class='ocrx_word' id='word_1_378' title='bbox 1325 2880 1399 2941; x_wconf 90' lang='lat' dir='ltr'>iis,</span> <span class='ocrx_word' id='word_1_379' title='bbox 1437 2898 1553 2948; x_wconf 86' lang='lat' dir='ltr'>quae</span> <span class='ocrx_word' id='word_1_380' title='bbox 1592 2880 1670 2928; x_wconf 86' lang='lat' dir='ltr'>alii</span> <span class='ocrx_word' id='word_1_381' title='bbox 1708 2881 1845 2928; x_wconf 89' lang='lat' dir='ltr'>etiam</span> <span class='ocrx_word' id='word_1_382' title='bbox 1871 2881 1976 2929; x_wconf 85' lang='lat' dir='ltr'>data</span> <span class='ocrx_word' id='word_1_383' title='bbox 2010 2882 2248 2930; x_wconf 88' lang='lat' dir='ltr'>occasione</span> <span class='ocrx_word' id='word_1_384' title='bbox 2283 2881 2340 2930; x_wconf 88' lang='lat' dir='ltr'>ad</span> <span class='ocrx_word' id='word_1_385' title='bbox 2376 2882 2494 2931; x_wconf 84' lang='lat' dir='ltr'>banc</span> <span class='ocrx_word' id='word_1_386' title='bbox 2528 2899 2626 2931; x_wconf 90' lang='lat' dir='ltr'>rem</span> 
     </span>
     <span class='ocr_line' id='line_1_35' title="bbox 202 2964 2627 3031; baseline 0.002 -21"><span class='ocrx_word' id='word_1_387' title='bbox 202 2964 521 3012; x_wconf 89' lang='lat' dir='ltr'>illustrandam</span> <span class='ocrx_word' id='word_1_388' title='bbox 547 2965 779 3024; x_wconf 88' lang='lat' dir='ltr'>dixerunt,</span> <span class='ocrx_word' id='word_1_389' title='bbox 816 2966 927 3012; x_wconf 89' lang='lat' dir='ltr'>baec</span> <span class='ocrx_word' id='word_1_390' title='bbox 960 2964 1054 3012; x_wconf 82' lang='lat' dir='ltr'>fere</span> <span class='ocrx_word' id='word_1_391' title='bbox 1091 2975 1217 3024; x_wconf 91' lang='lat' dir='ltr'>sunt,</span> <span class='ocrx_word' id='word_1_392' title='bbox 1255 2982 1371 3031; x_wconf 89' lang='lat' dir='ltr'>quae</span> <span class='ocrx_word' id='word_1_393' title='bbox 1402 2965 1653 3031; x_wconf 86' lang='lat' dir='ltr'>disputanti</span> <span class='ocrx_word' id='word_1_394' title='bbox 1680 2964 1735 3011; x_wconf 92' lang='lat' dir='ltr'>de</span> <span class='ocrx_word' id='word_1_395' title='bbox 1768 2965 2001 3031; x_wconf 88' lang='lat' dir='ltr'>strophica</span> <span class='ocrx_word' id='word_1_396' title='bbox 2023 2983 2240 3013; x_wconf 86' lang='lat' dir='ltr'>versuum</span> <span class='ocrx_word' id='word_1_397' title='bbox 2270 2966 2627 3014; x_wconf 84' lang='lat' dir='ltr'>Homericorum</span> 
     </span>
     <span class='ocr_line' id='line_1_36' title="bbox 203 3048 2443 3115; baseline 0.001 -21"><span class='ocrx_word' id='word_1_398' title='bbox 203 3049 380 3095; x_wconf 87' lang='lat' dir='ltr'>ratione</span> <span class='ocrx_word' id='word_1_399' title='bbox 416 3049 614 3095; x_wconf 88' lang='lat' dir='ltr'>maxime</span> <span class='ocrx_word' id='word_1_400' title='bbox 649 3048 935 3115; x_wconf 89' lang='lat' dir='ltr'>respicienda</span> <span class='ocrx_word' id='word_1_401' title='bbox 971 3059 1095 3096; x_wconf 89' lang='lat' dir='ltr'>sunt.</span> <span class='ocrx_word' id='word_1_402' title='bbox 1170 3048 1304 3110; x_wconf 86' lang='lat' dir='ltr'>Quae</span> <span class='ocrx_word' id='word_1_403' title='bbox 1340 3049 1580 3115; x_wconf 89' lang='lat' dir='ltr'>qualisque</span> <span class='ocrx_word' id='word_1_404' title='bbox 1616 3049 1676 3095; x_wconf 91' lang='lat' dir='ltr'>sit</span> <span class='ocrx_word' id='word_1_405' title='bbox 1710 3049 1821 3096; x_wconf 90' lang='lat' dir='ltr'>haec</span> <span class='ocrx_word' id='word_1_406' title='bbox 1860 3050 1994 3109; x_wconf 88' lang='lat' dir='ltr'>ratio,</span> <span class='ocrx_word' id='word_1_407' title='bbox 2033 3068 2154 3097; x_wconf 91' lang='lat' dir='ltr'>nune</span> <span class='ocrx_word' id='word_1_408' title='bbox 2189 3049 2443 3097; x_wconf 81' lang='lat' dir='ltr'>videamus.</span> 
     </span>
    </p>
   </div>
   <div class='ocr_carea' id='block_1_7' title="bbox 188 3192 2629 3348">
    <p class='ocr_par' dir='ltr' id='par_1_7' title="bbox 188 3192 2629 3348">
     <span class='ocr_line' id='line_1_37' title="bbox 403 3192 2629 3238; baseline 0.002 -14"><span class='ocrx_word' id='word_1_409' title='bbox 403 3192 432 3233; x_wconf 90' lang='lat'>¹)</span> <span class='ocrx_word' id='word_1_410' title='bbox 457 3192 533 3234; x_wconf 79' lang='lat' dir='ltr'>Ipse</span> <span class='ocrx_word' id='word_1_411' title='bbox 556 3193 699 3226; x_wconf 77' lang='lat' dir='ltr'>Wolfiua</span> <span class='ocrx_word' id='word_1_412' title='bbox 729 3194 763 3226; x_wconf 87' lang='lat' dir='ltr'>in</span> <span class='ocrx_word' id='word_1_413' title='bbox 795 3193 934 3236; x_wconf 72' lang='lat' dir='ltr'>praefat.</span> <span class='ocrx_word' id='word_1_414' title='bbox 971 3195 1014 3227; x_wconf 82' lang='lat' dir='ltr'>ad</span> <span class='ocrx_word' id='word_1_415' title='bbox 1043 3194 1140 3227; x_wconf 77' lang='lat' dir='ltr'>Iliad.</span> <span class='ocrx_word' id='word_1_416' title='bbox 1165 3205 1198 3237; x_wconf 86' lang='lat' dir='ltr'>p.</span> <span class='ocrx_word' id='word_1_417' title='bbox 1223 3194 1322 3227; x_wconf 82' lang='lat' dir='ltr'>XXI.</span> <span class='ocrx_word' id='word_1_418' title='bbox 1368 3193 1466 3227; x_wconf 84' lang='lat' dir='ltr'>Nunc</span> <span class='ocrx_word' id='word_1_419' title='bbox 1490 3204 1643 3237; x_wconf 85' lang='lat' dir='ltr'>quoqne,</span> <span class='ocrx_word' id='word_1_420' title='bbox 1674 3195 1801 3238; x_wconf 81' lang='lat' dir='ltr'>inquit,</span> <span class='ocrx_word' id='word_1_421' title='bbox 1824 3204 1887 3227; x_wconf 85' lang='lat' dir='ltr'>usn</span> <span class='ocrx_word' id='word_1_422' title='bbox 1910 3195 2019 3228; x_wconf 80' lang='lat' dir='ltr'>evenit</span> <span class='ocrx_word' id='word_1_423' title='bbox 2042 3196 2126 3228; x_wconf 80' lang='lat' dir='ltr'>mibi</span> <span class='ocrx_word' id='word_1_424' title='bbox 2148 3204 2411 3238; x_wconf 73' lang='lat' dir='ltr'>nonnunquam,</span> <span class='ocrx_word' id='word_1_425' title='bbox 2433 3198 2479 3232; x_wconf 65' lang='lat' dir='ltr'>nt„</span> <span class='ocrx_word' id='word_1_426' title='bbox 2493 3194 2629 3237; x_wconf 62' lang='lat' dir='ltr'>quoae·</span> 
     </span>
     <span class='ocr_line' id='line_1_38' title="bbox 195 3247 2625 3294; baseline 0.002 -14"><span class='ocrx_word' id='word_1_427' title='bbox 195 3247 361 3280; x_wconf 76' lang='lat' dir='ltr'>abductus</span> <span class='ocrx_word' id='word_1_428' title='bbox 393 3247 437 3281; x_wconf 76' lang='lat' dir='ltr'>ab</span> <span class='ocrx_word' id='word_1_429' title='bbox 467 3247 634 3282; x_wconf 78' lang='lat' dir='ltr'>historicis</span> <span class='ocrx_word' id='word_1_430' title='bbox 657 3249 861 3291; x_wconf 75' lang='lat' dir='ltr'>argumentis</span> <span class='ocrx_word' id='word_1_431' title='bbox 884 3250 997 3283; x_wconf 75' lang='lat' dir='ltr'>animo</span> <span class='ocrx_word' id='word_1_432' title='bbox 1020 3251 1121 3283; x_wconf 84' lang='lat' dir='ltr'>redeo</span> <span class='ocrx_word' id='word_1_433' title='bbox 1144 3251 1189 3284; x_wconf 80' lang='lat' dir='ltr'>ad</span> <span class='ocrx_word' id='word_1_434' title='bbox 1215 3250 1441 3284; x_wconf 78' lang='lat' dir='ltr'>continentem</span> <span class='ocrx_word' id='word_1_435' title='bbox 1467 3250 1605 3283; x_wconf 84' lang='lat' dir='ltr'>Homeri</span> <span class='ocrx_word' id='word_1_436' title='bbox 1619 3249 1796 3283; x_wconf 81' lang='lat' dir='ltr'>lectionem</span> <span class='ocrx_word' id='word_1_437' title='bbox 1819 3254 1854 3283; x_wconf 84' lang='lat' dir='ltr'>et</span> <span class='ocrx_word' id='word_1_438' title='bbox 1868 3250 2185 3293; x_wconf 71' lang='lat' dir='ltr'>interpretationem.</span> <span class='ocrx_word' id='word_1_439' title='bbox 2207 3259 2269 3294; x_wconf 79' lang='lat' dir='ltr'>pro</span> <span class='ocrx_word' id='word_1_440' title='bbox 2285 3248 2625 3284; x_wconf 61' lang='lat' dir='ltr'>nomenata-bean</span> 
     </span>
     <span class='ocr_line' id='line_1_39' title="bbox 188 3303 2627 3348; baseline 0.002 -14"><span class='ocrx_word' id='word_1_441' title='bbox 188 3304 309 3335; x_wconf 74' lang='lat' dir='ltr'>omnia</span> <span class='ocrx_word' id='word_1_442' title='bbox 332 3308 433 3345; x_wconf 78' lang='lat' dir='ltr'>atque</span> <span class='ocrx_word' id='word_1_443' title='bbox 457 3303 596 3335; x_wconf 83' lang='lat' dir='ltr'>Homeri</span> <span class='ocrx_word' id='word_1_444' title='bbox 619 3304 716 3335; x_wconf 83' lang='lat' dir='ltr'>nnius</span> <span class='ocrx_word' id='word_1_445' title='bbox 739 3309 845 3336; x_wconf 76' lang='lat' dir='ltr'>artem</span> <span class='ocrx_word' id='word_1_446' title='bbox 869 3306 1014 3337; x_wconf 75' lang='lat' dir='ltr'>admirer</span> <span class='ocrx_word' id='word_1_447' title='bbox 1036 3306 1070 3336; x_wconf 89' lang='lat' dir='ltr'>in</span> <span class='ocrx_word' id='word_1_448' title='bbox 1093 3306 1152 3345; x_wconf 80' lang='lat' dir='ltr'>eis,</span> <span class='ocrx_word' id='word_1_449' title='bbox 1176 3314 1263 3348; x_wconf 86' lang='lat' dir='ltr'>qnae</span> <span class='ocrx_word' id='word_1_450' title='bbox 1286 3306 1376 3348; x_wconf 77' lang='lat' dir='ltr'>apud</span> <span class='ocrx_word' id='word_1_451' title='bbox 1398 3315 1475 3338; x_wconf 83' lang='lat' dir='ltr'>enm</span> <span class='ocrx_word' id='word_1_452' title='bbox 1499 3306 1600 3338; x_wconf 83' lang='lat' dir='ltr'>hodie</span> <span class='ocrx_word' id='word_1_453' title='bbox 1621 3306 1775 3347; x_wconf 74' lang='lat' dir='ltr'>legimus.</span> <span class='ocrx_word' id='word_1_454' title='bbox 1795 3321 1839 3329; x_wconf 93' lang='lat'><strong>—</strong></span> <span class='ocrx_word' id='word_1_455' title='bbox 1862 3305 1895 3347; x_wconf 83' lang='lat'>²)</span> <span class='ocrx_word' id='word_1_456' title='bbox 1917 3306 1986 3338; x_wconf 81' lang='lat' dir='ltr'>vid.</span> <span class='ocrx_word' id='word_1_457' title='bbox 2012 3304 2130 3338; x_wconf 73' lang='lat' dir='ltr'>Jshaii</span> <span class='ocrx_word' id='word_1_458' title='bbox 2162 3305 2275 3338; x_wconf 71' lang='lat' dir='ltr'>annal.</span> <span class='ocrx_word' id='word_1_459' title='bbox 2306 3307 2390 3336; x_wconf 70' lang='lat' dir='ltr'>lesu</span> <span class='ocrx_word' id='word_1_460' title='bbox 2425 3315 2458 3348; x_wconf 83' lang='lat' dir='ltr'>p.</span> <span class='ocrx_word' id='word_1_461' title='bbox 2482 3307 2549 3338; x_wconf 77' lang='lat'>⁴18</span> <span class='ocrx_word' id='word_1_462' title='bbox 2570 3313 2627 3348; x_wconf 68' lang='lat' dir='ltr'>oq.</span> 
     </span>
    </p>
   </div>
  </div>
 </body>
</html>
