2804 3458
1279 85 1540 132 -4-2

193 229 347 266 aetate
383 218 543 277 fuerit,
581 235 673 265 non
708 228 781 265 est
813 235 901 265 eur
932 218 1211 265 dubitemus.
1284 218 1421 264 Hane
1455 218 1580 264 caim
1615 228 1778 283 postea
1813 234 1905 264 non
1951 217 2212 276 inventam,
2257 211 2339 264 aed
2382 186 2625 283 repetitam
2684 283 2693 286 -
2771 181 2790 236 .ss

195 319 255 349 ex
302 300 603 367 popularibus
638 301 891 352 cantilenis
932 302 1059 347 varie
1111 300 1437 366 amplificatam
1480 317 1581 347 esse
1622 311 1760 366 atque
1801 311 2011 347 ornatam
2056 300 2154 346 veri
2198 298 2508 348 simillimum
2523 299 2652 348 κί’

190 384 300 432 Nec
343 401 536 449 prorsus
581 383 790 432 destituti
830 400 991 431 sumus
1034 382 1255 448 exemplis
1300 384 1609 448 antiquiorem
1664 382 1957 448 stropharum
2015 382 2241 429 rationem
2293 380 2622 439 indicantibus.

187 467 418 534 Sapphus
453 467 577 514 enim
614 467 821 517 carmina
844 465 1066 532 dactylica
1100 465 1320 513 traditum
1358 466 1620 531 accepimus
1654 466 1857 533 strophis
1885 465 2023 513 certis
2045 464 2321 532 quibusdam
2350 475 2398 512 et
2431 464 2626 530 integris

202 550 441 617 particulis
474 550 719 598 distributa
755 550 897 597 fuisse
932 550 1069 615 inque
1105 548 1327 596 bucolicis
1362 549 1671 610 carminibus,
1720 549 1797 596 ubi
1834 547 1988 597 cantui
2021 548 2175 596 locum
2212 548 2348 608 dant,
2399 548 2625 615 antiquis·

187 634 366 681 simam
420 632 725 700 componendi
779 633 1002 679 rationem
1055 631 1113 678 ad
1165 632 1278 678 artis
1330 649 1540 679 normam
1594 632 1820 679 excultam
1874 632 2004 698 quasi
2042 631 2260 679 revixisse
2309 631 2432 679 inter
2464 648 2624 681 omnes

202 729 397 764 constat.
420 716 484 781 ιδ)
567 718 725 781 ltaque
758 715 1069 781 Westphalus
1105 715 1362 781 epicedium
1410 716 1523 761 illud
1570 715 1627 761 ad
1674 716 1892 762 Hectoris
1931 732 2099 781 eorpus
2142 725 2375 762 cantatum
2421 716 2626 782 strophis

200 802 416 847 ternariis
452 800 781 846 sententiarum
827 800 1130 863 perpetuitate
1174 800 1413 863 perspicue
1459 800 1646 845 secretis
1682 799 1967 861 distinguere
2009 816 2100 844 non
2147 798 2389 845 dubitavit.
2463 780 2624 860 Quum

201 900 312 929 vero
347 882 462 928 nibil
503 882 596 928 l'ere
632 880 867 945 impediat,
903 898 995 944 quo
1033 881 1187 927 minus
1222 881 1430 927 Helenae
1466 882 1778 945 Hecubaeque
1815 882 1976 927 neniae
2012 881 2076 927 ita
2110 881 2468 939 constituantur,
2503 881 2626 944 ejus·

203 1047 361 1095 menti.
433 1046 495 1093 Ut
540 1046 661 1092 enim
702 1046 801 1109 jam
848 1044 921 1091 hic
967 1063 1207 1105 moneam,
1252 1055 1348 1091 tota
1383 1045 1675 1110 stropharum
1723 1045 1929 1111 quaestio
1975 1044 2209 1111 implicata
2251 1056 2321 1092 est
2362 1044 2525 1092 ceteris
2567 1044 2624 1092 de

200 1129 465 1176 Homericis
499 1128 781 1176 carminibus
815 1129 1141 1176 controversiis
1178 1147 1261 1175 nec
1300 1129 1384 1175 nisi
1433 1128 1489 1175 ad
1537 1129 1802 1194 primariam
1850 1128 2007 1176 iliadis
2041 1129 2114 1176 vel
2150 1129 2302 1194 potius
2345 1129 2624 1189 carminum,

200 1230 255 1259 ex
298 1213 466 1277 quibus
512 1211 756 1258 conflatam
801 1230 900 1259 eam
949 1212 1197 1277 multisque
1243 1212 1422 1258 laciniis
1468 1213 1657 1277 insuper
1700 1211 1940 1259 adauctam
1985 1230 2083 1259 esse
2128 1212 2216 1258 viri
2262 1211 2384 1258 docti
2436 1211 2626 1259 demon-

200 1307 489 1355 straverunt,
549 1295 745 1342 formam
798 1296 959 1342 referri
1013 1306 1175 1360 potest.
1264 1298 1418 1360 Atque
1474 1295 1678 1342 Helenae
1744 1296 1929 1360 quidem
1969 1296 2133 1346 ,threni
2182 1295 2362 1341 duobus
2414 1295 2625 1343 versibus

199 1378 462 1436 abundant,
509 1397 705 1444 quorum
752 1379 870 1426 alter
914 1383 979 1437 (v.
1020 1379 1139 1439 772)
1187 1380 1244 1425 ab
1291 1379 1394 1425 aliis
1439 1380 1574 1425 etiam
1621 1379 1733 1425 nibil
1783 1379 1838 1425 de
1883 1380 2114 1445 strophica
2168 1379 2269 1443 lege
2314 1379 2625 1443 cogitantibus

198 1462 386 1526 spurius
424 1462 607 1507 habitus
643 1473 728 1521 est,
764 1473 999 1526 praeterea
1034 1480 1169 1507 versu
1195 1462 1295 1506 770
1331 1463 1494 1524 ejecto,
1532 1462 1653 1526 quod
1681 1462 1902 1526 probatur
1925 1480 1952 1506 a
1977 1461 2209 1525 Koechlyo
2244 1479 2390 1526 neque
2413 1479 2441 1506 a
2463 1460 2625 1507 Fried·
2650 1494 2654 1497 -

199 1543 415 1591 laendero
462 1545 791 1608 impugnatur,
845 1545 952 1591 huic
996 1543 1096 1591 loco
1145 1544 1215 1591 lex
1258 1545 1491 1609 strophica
1536 1545 1813 1608 impertitur.
1896 1543 2103 1590 Eandem
2151 1561 2259 1590 vero
2303 1544 2527 1590 rationem
2575 1545 2621 1589 in

195 1643 276 1674 sex
336 1625 513 1675 ultimis
557 1626 938 1675 Andromacheae
991 1627 1129 1675 etiam
1187 1626 1348 1674 neniae
1393 1626 1599 1674 versibus
1653 1627 1801 1674 inesse
1844 1645 2107 1692 quanquam
2154 1645 2244 1674 non
2303 1626 2425 1690 fugit
2458 1627 2626 1674 West-

197 1708 405 1774 phalum,
442 1720 593 1756 cetera
628 1721 783 1756 tamen
819 1720 917 1757 arte
952 1710 1110 1756 critica
1145 1708 1417 1774 explanandi
1457 1709 1659 1774 periculo
1693 1709 1993 1775 supersedens
2029 1708 2139 1756 satis
2164 1708 2324 1756 habuit
2347 1707 2620 1757 indicavisse

195 1793 490 1857 Astyanactis
525 1793 1013 1839 commemorationem
1060 1809 1087 1838 a
1132 1792 1463 1857 posterioribus
1509 1792 1732 1839 intrusam
1770 1809 1885 1839 esse.
1967 1792 2040 1838 En
2077 1791 2355 1857 strophicam
2401 1790 2527 1839 illam
2574 1791 2621 1838 in

192 1876 403 1921 Homero
448 1876 691 1921 rationem.
774 1875 936 1936 Quum
984 1892 1093 1920 vero
1130 1874 1440 1939 Westphalus
1484 1892 1538 1920 ex
1586 1876 1799 1921 universa
1845 1875 1983 1938 hujus
2031 1874 2117 1921 loci
2175 1892 2279 1921 cum
2339 1875 2623 1921 carminibus

195 1957 351 2022 lyricis
389 1957 725 2004 necessitudine
772 1957 830 2004 ad
875 1957 993 2004 hanc
1040 1957 1296 2003 doctrinam
1343 1956 1601 2017 deferatur,
1649 1976 1839 2023 prorsus
1883 1958 2019 2005 aliam
2065 1958 2341 2004 Leutschius
2385 1958 2623 2021 ingressus

194 2040 314 2087 viam
352 2040 626 2100 adducitur,
674 2051 726 2087 ut
771 2040 962 2087 eandem
999 2040 1055 2086 de
1080 2039 1317 2086 Troadum
1356 2040 1531 2087 threnis
1567 2052 1794 2105 proponat
1828 2041 2118 2087 sententiam.
2194 2040 2278 2086 llla
2302 2041 2444 2099 enim,
2480 2058 2618 2105 quam

192 2140 332 2186 supra
357 2122 469 2181 dixi,
507 2122 828 2169 dissertatione
865 2123 911 2168 in
949 2123 1200 2168 hexametri
1226 2122 1455 2185 originem
1494 2123 1731 2169 historiam
1771 2141 1905 2169 usum
1945 2124 2182 2188 inquirens
2207 2123 2262 2168 de
2287 2123 2620 2188 compositione

193 2205 342 2269 poesis
377 2205 766 2262 antehomericae‚
806 2223 943 2270 quam
981 2205 1287 2264 testificatam,
1327 2223 1416 2251 non
1456 2206 1670 2252 traditam
1708 2206 1948 2266 habemus,
1984 2223 2090 2252 suas
2114 2206 2354 2271 opiniones
2387 2206 2613 2271 exposuit.

193 2288 384 2334 luitium
422 2288 845 2334 facit‘Leutschius
880 2287 937 2333 ab
973 2288 1320 2351 antiquissimae
1357 2289 1506 2353 poesis
1543 2289 1776 2353 rhythmo.
1848 2289 1912 2335 Ut
1946 2289 2146 2335 breviter
2174 2289 2342 2347 dicam,
2380 2289 2619 2353 rhythmos

192 2369 448 2417 trochaicos
485 2381 531 2417 et
565 2369 814 2435 dactylicos
851 2380 1007 2435 utpote
1043 2389 1097 2416 ex
1140 2369 1236 2434 ipsa
1281 2371 1440 2435 lingua
1487 2371 1716 2436 profectos
1763 2372 2062 2419 ratiocinatus
2108 2372 2432 2420 usitatissimos
2476 2372 2618 2418 fuisse

193 2453 238 2500 in
273 2452 515 2501 cantilenis
552 2452 853 2519 popularibus
889 2469 1107 2500 numeros
1144 2452 1398 2501 trochaicos
1422 2472 1557 2501 suum
1597 2454 1840 2502 retinuisse
1866 2453 2036 2514 locum,
2074 2453 2311 2519 dactylicis
2335 2454 2618 2502 carminibus

191 2536 382 2584 deorum
418 2536 617 2600 gloriam
656 2535 905 2600 laudesque
941 2534 1191 2582 celebratas
1235 2553 1333 2582 esse
1379 2537 1543 2583 horum
1581 2537 1902 2601 rhythmorum
1936 2548 1982 2584 et
2017 2548 2181 2584 natura
2223 2555 2276 2583 ac
2311 2537 2356 2583 vi
2403 2548 2449 2584 et
2495 2537 2616 2602 apud

192 2619 467 2683 posteriores
511 2636 595 2665 usu
643 2617 895 2665 contendit.
978 2616 1193 2679 Quorum
1239 2618 1498 2665 carminum
1544 2618 1873 2684 dactylicorum
1921 2619 2301 2685 compositionem
2349 2619 2616 2685 primariam

192 2711 243 2747 ut
278 2701 530 2748 illustraret
564 2718 757 2767 eamque
792 2701 1073 2767 strophicam
1111 2700 1251 2746 fuisse
1276 2699 1492 2761 efficeret,
1531 2701 1806 2747 Leutschius
1831 2701 2024 2748 Aristidi
2052 2701 2371 2765 Quinctiliano
2406 2701 2619 2751 hexame-

192 2794 312 2828 trum
352 2785 551 2848 primum
591 2796 788 2829 metrum
825 2784 1103 2849 dactylicum
1142 2784 1281 2828 fuisse
1317 2784 1498 2828 docenti
1535 2784 1802 2830 adversatus
1838 2795 2154 2832 tetrametrum
2188 2786 2367 2832 censuit
2400 2786 2615 2852 longissi-

192 2884 317 2912 mum
353 2884 453 2913 esse
487 2868 671 2931 generis
706 2867 918 2933 dactylici
954 2867 1193 2927 ordinem,
1238 2867 1315 2933 qui
1365 2884 1509 2932 quum
1557 2884 1677 2913 unus
1722 2867 1937 2934 deinceps
1982 2869 2204 2935 repetitus
2253 2869 2426 2920 nullam
2475 2871 2522 2918 in
2565 2887 2616 2918 se

189 2950 598 3013 comprehenderet
632 2950 975 2998 conclusionem
1014 2951 1340 3015 rhythmicam,
1378 2950 1632 2997 clausulam
1669 2951 1757 2997 sibi
1781 2951 2056 3015 adjungeret
2091 2970 2274 2998 necesse
2301 2952 2461 3012 fuisse,
2497 2971 2616 3019 quae

191 3048 273 3095 pro
319 3031 517 3097 simplici
569 3033 788 3079 nimirum
842 3033 1191 3099 antiquissimae
1251 3033 1402 3097 poesis
1445 3033 1778 3098 compositione
1832 3051 1886 3080 ex
1931 3033 2091 3081 eodem
2136 3051 2308 3099 genere
2353 3035 2615 3100 rhythmico

184 3113 329 3177 petita
363 3125 497 3160 esset.
561 3115 710 3178 Cujus
745 3116 810 3160 rei
850 3134 940 3162 non
977 3115 1283 3175 levissimum,
1321 3115 1487 3182 inquit,
1524 3115 1792 3162 Archilochi
1830 3134 1974 3163 novae
2009 3119 2057 3163 in
2090 3118 2227 3164 rebus
2263 3117 2467 3164 metricis
2491 3129 2615 3165 artes

341 3296 346 3299 ·
391 3277 433 3320 ¹³)
457 3277 502 3311 es.
528 3277 747 3321 Westphalus
769 3280 804 3312 in
826 3279 944 3313 Jahnii
967 3281 1077 3314 annal.
1105 3284 1190 3313 1860
1212 3292 1248 3324 p.
1275 3284 1353 3314 210.
