2804 3458
345 782 489 896 De
566 777 1304 894 Homerioomm
1380 781 1930 896 carminum
2006 781 2402 897 ratione

789 962 791 965 ⁴
1101 977 1634 1118 strophioa.

1236 1289 1504 1296 ——.

360 1450 613 1538 Vror-um
660 1492 898 1538 doctorum
945 1493 1001 1538 de
1046 1493 1182 1539 rebus
1218 1494 1420 1539 metricis
1455 1494 1649 1557 scripta,
1686 1511 1802 1556 quae
1838 1493 1959 1538 intra
1994 1493 2077 1538 hos
2112 1492 2267 1540 decem
2305 1495 2400 1542 fere
2433 1513 2582 1544 annos

161 1574 455 1641 prodierunt,
503 1575 831 1640 perlustrantes
879 1594 969 1622 non
1013 1576 1074 1622 ita
1116 1594 1262 1641 pauca
1297 1577 1607 1641 reperiemus,
1648 1575 1814 1640 quibus
1850 1575 1906 1622 de
1941 1587 2038 1624 arte
2073 1576 2305 1640 stropbica
2340 1589 2578 1642 poetarum

160 1670 206 1706 et
239 1676 512 1723 graecorum
557 1670 601 1705 et
637 1658 885 1706 latinorum
924 1659 1109 1706 inventa
1144 1671 1189 1707 et
1224 1659 1496 1707 invenienda
1533 1660 1705 1724 agitur.
1782 1658 2005 1723 Singulos
2042 1658 2136 1707 fere
2171 1659 2386 1726 deinceps
2422 1673 2579 1727 poetas

163 1742 225 1789 ita
262 1743 424 1789 tentari
467 1742 695 1802 videmus,
735 1742 1002 1801 Horatium,
1038 1742 1310 1805 Virgilium,
1334 1742 1594 1802 Tibullum,
1624 1742 1881 1801 Catullum,
1918 1742 2229 1807 Propertium,
2253 1743 2579 1806 Theocritum3

162 1842 308 1892 neque
353 1825 451 1891 ipsa
496 1826 777 1890 tragicorum
816 1824 1019 1872 diverbia
1057 1842 1203 1890 neque
1238 1826 1442 1873 carmina
1477 1827 1710 1892 epicorum
1748 1825 1835 1872 hoc
1870 1825 2162 1891 stropharum
2200 1825 2578 1875 intrudendamm

161 1909 365 1973 periculo
403 1910 570 1954 intacta
606 1919 890 1966 manserunt,
928 1909 991 1953 ita
1016 1919 1066 1953 ut
1093 1910 1416 1974 Westpbalus,
1452 1911 1525 1955 vir
1559 1909 1636 1954 ille
1666 1909 1990 1973 sagacissimus
2015 1925 2261 1974 rerumque
2284 1911 2579 1957 metricarum

161 1993 466 2057 peritissimus
520 1993 709 2038 alteram
765 1992 869 2037 libri
923 1993 994 2037 sui
1048 1992 1103 2037 de
1156 2004 1252 2038 arte
1307 1993 1496 2038 metrica
1541 1993 1825 2039 Graecorum
1879 2003 1925 2037 et
1958 1993 2276 2038 Romanorum
2329 1993 2578 2042 editionem

161 2074 394 2141 praefatus
431 2075 540 2122 baec
576 2073 726 2121 studia
763 2092 853 2120 non
892 2075 1093 2139 potuerit
1139 2093 1229 2121 non
1276 2075 1497 2122 acerrime
1544 2074 1893 2140 reprehendere.
1968 2074 2039 2120 Ex
2075 2074 2214 2121 variis
2257 2074 2327 2122 bis
2362 2076 2580 2141 periculis

164 2170 400 2224 poetarum
433 2158 731 2217 carminibus,
765 2175 880 2222 quae
918 2156 1058 2208 κατά
1093 2156 1324 2222 στίχον,
1347 2169 1396 2204 ut
1419 2157 1583 2205 Graeci
1607 2157 1782 2216 dicunt,
1815 2157 2067 2222 composita
2098 2157 2230 2204 nobis
2262 2158 2427 2205 tradita
2450 2170 2578 2217 sunt,

162 2242 386 2288 rationem
423 2242 701 2306 stropbic-am
739 2241 1028 2306 impertiendi
1069 2259 1210 2286 unum
1253 2241 1430 2304 delegi,
1484 2241 1604 2306 quod
1650 2241 1754 2286 data
1798 2241 1911 2286 mibi
1956 2241 2040 2285 bac
2074 2241 2302 2287 scribendi
2337 2243 2579 2289 occasione

163 2343 285 2372 nunc
322 2325 476 2390 paullo
512 2325 769 2370 accuratius
805 2323 1116 2370 illustraturus
1152 2341 1271 2370 sum.
1334 2324 1452 2369 Dico
1489 2324 1711 2369 rationem
1748 2323 2045 2388 strophicam,
2082 2340 2220 2388 quam
2257 2325 2427 2371 nostris
2462 2336 2578 2372 tem—

163 2408 352 2474 poribus
389 2408 631 2472 indagasse
666 2409 752 2454 sibi
788 2409 875 2454 visi
909 2419 1016 2454 sunt
1049 2408 1135 2453 viri
1173 2406 1293 2453 docti
1331 2407 1377 2452 in
1415 2407 1697 2453 carminibus
1731 2406 2011 2452 Homericis.

365 2508 437 2554 De
462 2507 743 2555 carminibus
767 2507 1029 2555 Homericis
1065 2506 1270 2553 virorum
1306 2505 1545 2553 doctorum
1578 2505 1929 2570 disceptationes
1953 2506 2205 2568 viguerunt
2238 2516 2284 2552 et
2314 2506 2581 2555 etiamnunc

160 2591 336 2657 vigent.
377 2590 448 2638 Ex
466 2607 557 2658 quo
576 2589 839 2638 Fridericus
857 2591 1099 2656 Augustus
1120 2587 1329 2636 Wolfius
1349 2587 1716 2653 Prolegomenon
1749 2587 1805 2635 ad
1833 2588 2093 2635 Homerum
2123 2586 2243 2636 libro
2270 2588 2582 2638 dubitationes
2651 2602 2655 2605 “

161 2674 288 2721 etde
326 2675 540 2734 unitaria,
577 2691 693 2741 quae
718 2674 774 2720 ad
810 2674 856 2720 id
891 2684 1071 2739 tempus
1097 2672 1341 2738 putabatur
1374 2689 1491 2732 esse,
1522 2673 1777 2718 carminum
1815 2671 1968 2717 indole
2003 2681 2050 2716 et
2071 2670 2137 2717 de·
2164 2672 2264 2738 ipso
2298 2672 2509 2720 Homero
2533 2674 2582 2719 in

165 2758 368 2806 medium
389 2758 597 2825 protulit,
619 2776 806 2825 prorsus
827 2776 942 2804 nova
962 2757 1017 2803 de
1037 2757 1184 2823 poesis
1200 2756 1475 2802 Homericae
1494 2767 1540 2802 et
1555 2756 1744 2802 historia
1761 2767 1806 2801 et
1829 2755 1976 2801 forma
1997 2772 2050 2801 ac
2078 2755 2413 2822 compositione
2430 2756 2585 2805 studia

162 2853 274 2891 suut
307 2842 514 2890 excitata.
589 2844 753 2909 Atque
786 2841 864 2889 diu
900 2842 999 2906 jam
1045 2840 1115 2887 bis
1151 2839 1439 2906 multumque
1485 2840 1670 2905 agitatis
1705 2851 1750 2886 et
1784 2838 2190 2905 interpolationum
2237 2840 2283 2886 in
2322 2839 2583 2890 Homerum

165 2927 447 2973 intrusarum
478 2926 796 2991 disquisitione
820 2943 961 2991 quum
999 2925 1055 2970 ab
1079 2924 1181 2969 aliis
1206 2934 1302 2969 tum
1329 2941 1356 2968 a
1381 2923 1647 2969 Godol'redo
1674 2924 1943 2969 Hermanno
1969 2933 2198 2987 suscepta,
2225 2934 2388 2969 auctor
2411 2925 2586 2971 exstitit

165 3010 292 3054 illius
311 3011 587 3068 carminum,
608 3027 723 3076 quae
742 3010 927 3066 dicitur,
949 3009 1149 3053 theoriae
1170 3007 1511 3065 Lachmannus,
1530 3008 1603 3051 vir
1621 3007 1907 3051 subtilissimi
1930 3017 1977 3050 et
2003 3007 2258 3051 acutissimi
2287 3008 2481 3072 ingenii,
2505 3010 2585 3075 qui

133 3107 310 3158 ‘quum
347 3094 550 3138 carmina
589 3105 742 3137 nostra
778 3093 1035 3157 antiquiora
1072 3108 1253 3135 summa
1288 3108 1393 3134 cum
1431 3090 1669 3154 diligentia
1706 3101 2019 3155 perscrutatus
2051 3091 2399 3155 antiquissimae
2436 3092 2586 3156 poesis

163 3178 324 3240 epicae
360 3179 576 3221 naturam'
609 3188 653 3221 et
684 3176 992 3220 conditionem
1032 3174 1313 3237 perspexisse
1342 3174 1428 3217 sibi
1453 3175 1579 3217 visus
1613 3184 1749 3229 esset,
1784 3173 1977 3217 eandem
2014 3190 2104 3236 qua
2142 3174 2187 3217 in
2226 3173 2319 3218 illis
2355 3192 2465 3219 usus
2488 3186 2586 3219 erat

167 3242 289 3306 viam
326 3278 379 3306 ac
414 3244 638 3311 {ationem
675 3255 731 3305 ad
755 3258 1004 3305 Homerica
1040 3248 1177 3303 etiam
1214 3256 1418 3304 carmina
1442 3255 1658 3303 adbibere
1694 3274 1783 3303 non
1810 3255 2052 3303 dubitavit.
2113 3255 2211 3305 Nee
2234 3274 2344 3303 vcro
2368 3256 2587 3315 defuisse,

164 3340 247 3406 qui
283 3352 365 3390 aut
399 3341 445 3390 in
482 3340 766 3390 Lachmanni
803 3338 1280 3406 argumentationibus
1326 3337 1439 3386 nibil
1483 3337 1677 3387 fiduciae
1713 3337 1989 3386 collocantes
2031 3358 2087 3386 ex
2132 3337 2389 3387 carminum
2434 3336 2592 3387 indole

2325 3430 2337 3458 ι
