2804 3458
1261 99 1289 115 x
1368 92 1374 96 ,

366 235 454 283 ln
493 235 760 284 universum
797 234 870 283 his
892 250 1019 309 qus
1029 233 1143 300 dixi
1154 234 1551 298 dissertationibus
1586 235 1826 291 recensitis
1852 235 1927 283 in
1937 234 2039 286 duo
2051 233 2134 284 vel
2152 236 2247 288 tri·
2267 235 2423 303 pti-a
2443 206 2618 303 genem

44 279 48 282 v
121 296 126 302 ι
198 254 425 385 ἓψοθοί
420 313 568 386 poue
593 317 704 366 mibi
728 317 947 368 videntur-
979 316 1059 367 illa
1083 318 1416 385 stropharum-⁶
1400 337 1449 369 ιιι
1474 319 1683 371 Homero
1706 316 2134 385 investiganda-un
2156 317 2404 386 petiuit„
2414 336 2613 388 quorun
2667 366 2670 372 .

199 413 414 469 ptumum
436 401 517 468 qui
549 411 855 467 susceperuut
885 400 1221 467 detegendum,
1256 402 1303 449 in
1340 402 1495 468 lyricis
1529 402 1576 449 id
1609 402 1900 468 argumentis
1933 401 2022 466 vel
2041 400 2234 468 lyricam
2268 402 2469 470 φθάσῃ
2504 419 2618 470 prae

197 484 250 533 se
272 485 535 532 ferentibus
569 484 766 531 inveniri
790 485 1028 547 dixerunt3
1063 485 1155 531 duo
1189 502 1300 532 vero
1334 486 1477 532 altera
1511 488 1559 532 in
1595 488 1698 551 ipsa
1728 487 1966 551 epicorum
2011 496 2110 533 arte
2142 477 2353 534 videmus
2394 486 2615 540 indicata.

199 566 334 630 Quae
367 565 554 633 quidem
590 567 776 616 inventa
809 587 952 632 quum
990 587 1081 615 non
1117 568 1274 616 omnia
1306 568 1464 616 eadem
1493 570 1699 617 virorum
1724 568 1968 617 doctorum
2002 567 2302 633 comprobata
2334 569 2430 624 sint
2460 566 2616 618 ansen-

196 649 344 712 sione,
380 649 445 698 ita
471 649 572 715 jam
608 649 864 712 instituam,
903 660 954 700 ut
988 650 1035 699 in
1070 667 1284 717 campum
1321 651 1472 701 minus
1507 652 1699 719 petitum
1737 650 1939 718 primum
1974 648 2268 704 descendam.

399 754 565 802 Totam
603 755 982 821 compositionem
1020 755 1297 821 strophicam
1334 775 1388 803 ex
1424 757 1584 805 melica
1617 758 1766 824 poesis
1802 756 1958 804 indole
1979 774 2034 804 ae
2070 756 2248 817 ratione
2281 756 2382 804 sola
2402 755 2613 805 derivan-

197 838 301 888 dam
338 855 438 888 esse
473 855 564 886 una
598 837 848 906 eademque
883 839 1091 888 omnium
1126 839 1331 888 virorum
1369 839 1607 890 doctorum
1652 840 1878 889 sententia
1921 850 2007 889 est.
2079 837 2180 889 Nee
2213 857 2325 889 vero
2368 839 2520 906 mag-is
2562 839 2612 888 in

196 921 529 971 dubitationem
561 931 778 983 vocatur,
826 922 936 988 quin
984 933 1208 989 quotquot
1252 933 1430 970 exstant
1473 923 1818 990 antiquissimae
1873 922 2024 989 poesis
2059 912 2360 986 testimonia,
2405 921 2465 972 ad
2507 940 2610 973 eam

124 1045 132 1048 -
196 1024 280 1054 nos
313 1005 543 1072 abripiant
577 1006 868 1065 sententiam,
905 1018 956 1053 ut
991 1017 1189 1066 cantata,
1228 1024 1316 1053 non
1354 1008 1539 1054 recitata
1564 1008 1771 1055 carmina
1804 1007 1946 1054 fuisse
1969 1023 2255 1055 censeamus.
2316 1006 2612 1073 Quocunque

195 1090 318 1138 enim
372 1089 531 1137 oculos
583 1090 922 1149 convertimus,
982 1090 1076 1137 sive
1120 1089 1177 1137 ad
1222 1090 1504 1138 Graecorum
1550 1091 1807 1138 carminum
1852 1090 2280 1156 antiquissimorum
2323 1091 2520 1156 vestigia
2542 1088 2610 1155 ⁸),

195 1173 350 1240 qualia
383 1173 506 1240 apud
541 1174 799 1220 Homerum
826 1184 1004 1221 servata
1028 1174 1303 1231 invenimus,
1340 1175 1438 1240 ipso
1462 1169 1662 1226 ἀοιδῶν
1685 1174 1871 1220 nomine
1897 1172 1955 1220 ad
1979 1173 2170 1239 lyricam
2195 1190 2357 1222 eorum
2381 1174 2609 1222 rationem

195 1256 426 1316 ducimur,
460 1257 556 1303 sive
592 1256 649 1303 ad
684 1258 1020 1317 vetustissima,
1057 1274 1173 1322 quae
1209 1257 1406 1317 scimus,
1453 1258 1755 1305 Germanicae
1799 1258 1962 1303 Musae
2005 1256 2175 1304 indicia
2196 1256 2261 1318 ⁴),
2306 1257 2485 1324 prolata
2529 1256 2611 1304 illa

194 1349 337 1405 quum
373 1341 431 1387 ab
465 1340 569 1387 aliis
601 1352 698 1387 tum
736 1358 761 1386 a
786 1341 947 1387 Tacito
984 1341 1292 1405 potissimum,
1329 1341 1496 1387 iterum
1532 1351 1669 1387 cantu
1705 1357 1758 1386 ea
1793 1340 1914 1386 edita
1946 1340 2091 1387 fuisse
2113 1340 2337 1388 videmus.
2399 1340 2610 1415 Omnino

193 1440 302 1469 vero
327 1423 445 1487 ejus,
482 1440 574 1488 quo
611 1434 706 1469 tum
746 1433 906 1487 gentes
943 1423 1115 1487 ingenii
1148 1423 1273 1469 cultu
1311 1422 1581 1469 inclaruisse
1605 1433 1961 1469 consentaneum
1990 1434 2077 1482 est,
2113 1423 2291 1470 ratione
2325 1423 2481 1470 habita
2515 1412 2608 1470 non

194 1506 447 1570 poterimus
472 1523 562 1552 non
588 1506 673 1552 soli
700 1507 852 1552 cantui
878 1506 1129 1566 vindicare,
1152 1505 1276 1571 quod
1309 1523 1391 1571 per
1413 1505 1621 1570 singulas
1646 1505 1859 1570 deinceps
1882 1516 2053 1552 aetates
2078 1504 2246 1553 tradita
2269 1506 2609 1571 memoriaeque

194 1588 408 1636 mandata
452 1601 560 1636 sunt
605 1590 821 1637 carmina.
910 1590 1073 1657 ltaque·
1113 1606 1203 1636 non
1248 1590 1417 1636 nimiae
1461 1589 1550 1636 erit
1591 1588 1807 1636 audaciae
1853 1606 2134 1655 proponere,
2181 1589 2608 1656 antiquissimorum

193 1673 448 1720 carminum
494 1674 872 1738 compositionem
919 1674 1196 1739 strophicam
1245 1673 1413 1732 fuisse,
1467 1684 1624 1738 utpote
1668 1672 1724 1719 ad
1760 1659 1943 1720 eosdem
1989 1672 2149 1720 modos
2196 1672 2473 1739 adaptatam.
2546 1674 2611 1719 At
2636 1704 2645 1708 -

193 1756 297 1802 data
343 1757 427 1803 hac
474 1757 648 1803 ratione
683 1757 855 1803 vedicis
874 1746 933 1816 ⁵),
980 1757 1151 1803 eddicis
1168 1755 1228 1816 ⁶),
1274 1757 1606 1822 antiquissimis
1651 1757 1760 1821 ipsis
1805 1756 2088 1803 Graecorum
2134 1756 2440 1816 carminibus,
2491 1769 2609 1822 quae

193 1840 347 1886 omnia
383 1850 642 1904 temporum
681 1840 852 1886 invidia
890 1841 1179 1898 interierunt,
1215 1840 1324 1904 qnid
1350 1839 1406 1885 ad
1430 1840 1634 1885 earmina
1659 1840 1926 1899 Homerica,
1963 1857 2160 1905 quorum
2196 1837 2252 1885 de
2275 1840 2609 1904 compositione

192 1922 423 1987 strophica
468 1940 611 1987 quum
659 1923 874 1969 universa
927 1940 1087 1969 eorum
1144 1923 1259 1968 ratio
1303 1933 1349 1968 et
1392 1921 1568 1968 indoles
1615 1940 1802 1986 prorsus
1847 1922 1923 1968 illa
1966 1940 1994 1968 a
2022 1922 2226 1967 vcanticis
2271 1921 2446 1979 aliena,
2493 1921 2606 1968 nibil

191 2003 435 2051 admoneat
471 2015 567 2051 tum
606 2005 732 2051 nulla
767 2023 969 2070 unquam
1006 2004 1127 2069 apud
1165 2004 1367 2052 Graecos
1403 2005 1604 2050 innotuit
1647 2004 1878 2068 suspicio?
1956 2006 2108 2068 Atque
2143 2020 2352 2050 summae
2385 2003 2608 2051 stultitiae

191 2104 307 2145 esse,
344 2087 382 2133 si
407 2087 510 2152 quis
545 2087 750 2134 earmina
784 2088 913 2152 epica
945 2086 1087 2139 κατιὶ
1124 2091 1331 2151 στίχον
1366 2098 1416 2133 ut
1439 2087 1598 2133 dicunt
1631 2087 1883 2151 composita
1906 2086 1964 2132 ad
1999 2097 2170 2133 certam
2201 2085 2329 2133 illam
2353 2085 2606 2134 eorundem

192 2187 489 2217 numerorum
528 2171 675 2234 legem
710 2188 926 2217 revocare
963 2182 1223 2229 conaretur,
1260 2187 1419 2216 omnes
1455 2169 1762 2215 consentiunt.
1836 2169 1962 2216 Num
1996 2186 2107 2215 vero
2152 2187 2209 2215 ne
2254 2169 2377 2216 ullus
2419 2169 2607 2235 quidem

191 2251 320 2300 locus
354 2264 499 2301 artem
550 2253 737 2321 lyricam
782 2254 1010 2314 redoleat,
1058 2254 1131 2301 hic
1178 2254 1429 2319 quaeritur.
1505 2253 1555 2298 ln
1610 2251 1725 2299 hanc
1778 2269 1874 2299 rem
1911 2251 2222 2317 Westphalus
2278 2251 2424 2300 multa
2475 2251 2609 2301 docte

191 2336 481 2404 dilucideque
517 2337 767 2404 disputavit
786 2336 846 2400 ⁷).
920 2338 1079 2399 Quum
1117 2338 1237 2383 enim
1287 2336 1332 2382 id
1364 2346 1547 2400 ageret,
1595 2346 1646 2381 ut
1690 2353 1715 2381 a
1762 2335 2033 2400 Terpandro
2076 2335 2415 2383 demonstraret
2456 2336 2608 2402 primo

191 2413 246 2467 ad
283 2420 601 2486 perfectiorem
639 2422 867 2486 quandam
903 2433 1046 2467 artem
1085 2421 1225 2484 lyrica
1261 2420 1465 2466 carmina
1499 2430 1710 2466 revocata
1743 2436 1842 2465 esse
1879 2449 1939 2457 --
1974 2436 2092 2483 quae
2114 2418 2301 2484 quidem
2337 2419 2439 2466 laus
2461 2437 2608 2484 quum

192 2502 337 2571 poetis
372 2503 608 2569 elegorum
646 2515 743 2552 tum
780 2502 1060 2552 Archilocho
1097 2501 1354 2551 iamborum
1391 2501 1566 2549 auctori
1605 2501 1743 2549 tribui
1769 2499 1887 2549 solet
1923 2529 1985 2537 —
2020 2499 2077 2549 de
2099 2501 2424 2569 antiquissima
2457 2502 2609 2569 poesis

192 2586 341 2635 forma
393 2587 439 2634 in
493 2587 758 2635 universum
814 2586 1035 2633 nonnulla
1088 2586 1317 2652 praefatus
1369 2585 1495 2631 varia
1549 2584 1655 2645 illa,
1709 2601 1825 2651 quae
1873 2594 2030 2650 postea
2073 2584 2254 2632 exculta
2288 2585 2608 2646 inveniuntur,

142 2696 145 2699 ·
191 2671 441 2736 lyricorum
488 2688 658 2737 genera
704 2670 849 2716 multo
884 2672 983 2734 jam
1037 2681 1170 2716 antea
1215 2669 1414 2714 exercita
1465 2685 1564 2714 esse
1615 2668 1809 2713 ducibus
1863 2668 1974 2732 ipsis
2017 2668 2301 2714 carminibus
2342 2668 2609 2715 Homericis

190 2755 366 2804 statuit.
454 2756 631 2801 Paeane
655 2752 695 2815 ⁸)
752 2755 903 2813 enim,
951 2755 1126 2819 inquit,
1181 2751 1310 2818 apud
1356 2753 1612 2798 Homerum
1669 2751 1886 2815 legimus
1910 2750 2175 2817 Apollinem
2227 2751 2286 2798 ab
2319 2752 2609 2799 Achivorum

113 2849 120 2851 “
191 2838 356 2902 legatis
390 2837 670 2884 celebratum
706 2839 845 2884 fuisse
880 2836 1286 2902 Myrmidonesque
1320 2836 1377 2881 ab
1401 2834 1584 2881 Achille
1619 2834 1884 2893 admoneri,
1933 2845 1984 2879 ut
2016 2834 2268 2899 epinicium
2292 2833 2334 2893 ‘j
2371 2846 2612 2882 cantarem

189 2906 394 2969 Hectore
420 2933 594 2969 necato.
647 2921 810 2987 Neque
834 2920 1241 2986 hyporchematum
1256 2919 1316 2980 ¹⁰)
1343 2917 1511 2965 indicia
1536 2934 1683 2982 neque
1707 2916 2139 2981 hymenaeon-amn)
2158 2928 2241 2964 aut
2261 2917 2608 2982 threnorum¹²)

156 3069 159 3070 7
191 3004 512 3052 desiderantur
545 3005 835 3065 testimonia,
882 3021 1078 3070 quorum
1125 3004 1332 3050 omnium
1379 3001 1651 3068 compositio
1696 3001 1806 3066 quin
1853 3000 2011 3047 eadem
2048 3000 2146 3047 fere
2188 3011 2326 3069 atque
2360 3001 2618 3049 eruditiore

393 3148 425 3192 ⁸)
447 3149 553 3188 Adde
572 3160 660 3194 quae
676 3148 891 3192 westphalos
914 3147 1011 3181 affert
1032 3149 1068 3181 in
1090 3148 1206 3186 Jahnii
1229 3148 1343 3180 annal.
1373 3149 1458 3179 iseo
1479 3156 1513 3188 p.
1538 3148 1614 3178 210.
1630 3161 1673 3169 —
1688 3143 1720 3186 ⁴)
1737 3143 1779 3179 cf.
1795 3142 2086 3179 manahem-u:
2110 3146 2154 3178 do
2174 3145 2410 3189 ..eqni-nin·
2425 3145 2613 3179 omno-

144 3189 148 3190 ?
189 3210 267 3239 rut
287 3205 385 3247 poesi
404 3205 550 3239 choi-ica.
589 3205 659 3238 Kil.
686 3206 784 3238 1847.
810 3221 851 3228 -
875 3204 905 3245 ⁵)
929 3204 1088 3237 Pluribus
1111 3203 1268 3246 exposuit
1282 3202 1498 3245 Westphalus
1520 3201 1557 3233 in
1578 3200 1707 3234 Kulinii
1730 3200 1852 3233 libellis
1879 3202 1965 3233 1860
1985 3210 2020 3243 p.
2038 3202 2116 3233 4³7.
2134 3217 2179 3224 —
2198 3199 2231 3242 ο)
2245 3199 2522 3235 naeu-ahon-
2535 3201 2561 3234 1.
2578 3210 2611 3234 e.

127 3257 129 3259 ’
192 3276 235 3284 -
257 3258 290 3302 ⁷)
310 3259 355 3294 οι.
380 3261 472 3295 Aa·
492 3260 657 3305 philolog.
682 3261 719 3294 ιιι
740 3270 839 3294 conv.
863 3259 1047 3293 Vna-nv.
1078 3260 1161 3292 1857
1184 3269 1220 3302 p.
1245 3261 1303 3291 52.
1327 3274 1372 3282 —
1395 3257 1422 3297 η
1445 3256 1488 3290 ιι.
1513 3256 1541 3296 ι,
1565 3258 1642 3289 ⁴⁷³.
1670 3273 1714 3292 -,
1736 3254 1769 3298 ·)
1792 3255 1835 3289 ιι.
1853 3254 1954 3296 1¹1,
1969 3258 2050 3290 ³⁹1.
2068 3271 2114 3282 -·-
2139 3256 2183 3298 ¹⁰)
2205 3256 2250 3289 11.
2274 3252 2412 3296 xvm,
2435 3258 2512 3296 ⁶70,
2535 3258 2617 3289 uo.

179 3312 316 3359 'odyn
343 3315 443 3356 Vnt,
467 3319 546 3348 sss.
573 3331 614 3340 -
641 3315 685 3356 ¹¹)
711 3316 752 3348 n.
780 3314 916 3353 xvm,
940 3317 1015 3359 ⁴9³.
1041 3332 1081 3338 -
1108 3313 1148 3356 ι2)
1171 3313 1214 3347 11.
1238 3311 1375 3352 xxw,
1400 3314 1476 3352 720,
1501 3313 1578 3344 725.

2349 3376 2393 3410 ι.
